3434 5394
775 537 819 552 -·-
1351 515 1389 564 ΧΙ

208 694 293 758 inter
328 713 384 758 eas
420 711 534 756 omnes
569 689 624 755 vel
659 710 725 753 una
748 696 808 764 est,
833 709 907 772 quae
930 690 1021 772 quod
1046 689 1089 753 ad
1112 697 1217 753 artem
1242 689 1387 753 criticam

208 817 334 892 attinet,
370 815 524 878 omnibus
559 812 703 877 numeris
741 810 881 895 placeat.
928 811 1009 876 Mihi
1026 809 1136 887 certe,
1160 831 1235 874 cum
1259 830 1389 893 compo·

208 957 321 1036 nerem
345 921 437 1000 'hanc
460 936 727 1018 disputationem,
750 933 885 998 cottidie
909 911 976 998 sere
1000 933 1166 998 oriebatur
1190 931 1390 996 desiderium

109 1064 112 1070 '
209 1054 372 1130 editionis,
408 1054 441 1117 in
464 1075 530 1136 qua
553 1053 659 1118 missis
682 1049 838 1116 omnibus
860 1050 1043 1134 quisquiliis
1060 1050 1080 1134 ¹)
1104 1070 1219 1114 omnes
1243 1051 1390 1114 omnium

209 1173 504 1256 manuscriptorum
527 1171 696 1248 lectiones,
721 1192 795 1253 quae
808 1169 949 1238 ,alicuius
965 1177 1041 1234 sunt
1056 1170 1226 1246 momenti,
1239 1177 1390 1233 accurate

210 1303 321 1358 essent
337 1277 339 1282 ’
355 1303 497 1372 notatae;
533 1277 574 1357 in¹
600 1315 666 1376 qua
697 1289 857 1378 quidquid
881 1313 900 1356 e
923 1291 1055 1355 scholiis
1079 1291 1245 1374 hucusque
1270 1289 1391 1353 fructus

210 1425 403 1500 perceptum
428 1425 488 1490 est,
512 1425 599 1493 esset
623 1415 928 1498 commemoratum,
952 1415 985 1476 in
1009 1428 1075 1496 qua
1090 1414 1232 1495 denique
1246 1414 1391 1495 -quod

158 1595 161 1600 .
210 1528 353 1603 maxime
372 1538 553 1622 optandum
567 1537 685 1602 -sub
703 1559 769 1601 uno
783 1546 963 1621 conspectu
976 1535 1114 1600 collecta
1126 1544 1295 1600 exstarent
1303 1544 1391 1599 vete-

210 1680 281 1722 rum
303 1659 498 1743 scriptorum
522 1659 709 1724 testimonia
733 1680 773 1723 ea
795 1680 869 1742 quae
893 1660 936 1724 de
959 1679 1037 1723 vera
1060 1658 1200 1722 lectione
1224 1658 1257 1721 in
1272 1657 1391 1722 fabulis

210 1781 464 1864 Aristophaneis
498 1782 631 1864 aliquid,
657 1756 808 1865 quamuis
831 1783 998 1865 exiguum,
1023 1781 1136 1844 testari
1160 1780 1343 1846 videantur.

254 1904 344 1968 Talis
368 1905 469 1968 editio
493 1903 616 1968 utinam
641 1904 821 1987 aliquando
845 1905 986 1988 prodeat
1009 1904 1043 1966 in
1067 1902 1192 1966 luceml
1228 1895 1229 1898 '
1393 1890 1396 1897 ¹

247 2206 269 2265 1)
286 2202 386 2252 Vellem
411 2202 529 2251 nonnulli
556 2203 665 2252 editores
683 2203 774 2252 melius
790 2219 915 2253 memores
933 2203 1038 2252 fuissent
1055 2203 1124 2251 aurei
1142 2202 1329 2252 Hemsterhusii
1348 2202 1390 2266 (ad

211 2286 276 2336 Plut.
294 2289 353 2351 253)
372 2287 505 2350 praecepti:
524 2301 592 2352 „nou
610 2303 694 2352 operae
711 2294 748 2336 est
765 2287 880 2352 praetium
898 2288 956 2336 illas
973 2287 1144 2336 aberrationes
1161 2301 1322 2352 cognoscere,
1332 2302 1390 2351 quae

213 2369 279 2418 nihil
296 2369 434 2419 adiumenti
451 2369 485 2418 ud
502 2370 661 2434 probabilem
678 2370 791 2435 aliquam
809 2371 979 2420 coniecturam
997 2369 1047 2419 sint
1064 2368 1218 2434 collaturae.”
