3444 5396
917 439 961 506 80

351 625 465 710 Nepos
495 625 665 692 Eumenes
696 627 730 692 V
761 641 798 709 5:
831 628 909 711 „qui
941 635 1049 692 motus
1073 648 1140 692 non
1163 627 1270 692 minus
1293 630 1447 695 sudorem
1470 650 1526 695 ex·

346 749 502 827 cudebat,
520 769 619 833 quam
634 751 661 814 si
677 750 711 815 in
727 751 835 835 spatio
850 750 1075 826 decurreret”;
1089 747 1187 816 Ovid.
1201 750 1336 816 Metam.
1350 752 1449 818 XIV:
1464 766 1523 834 50:

436 936 659 1020 „Summaque
683 938 825 1004 decurrit
847 939 989 1023 pedibus
1013 959 1113 1023 super
1134 959 1268 1022 aequora
1291 941 1419 1004 siccis.”

390 1181 488 1267 Saepe
510 1183 594 1248 inter
617 1203 653 1247 sc
676 1185 869 1247 commutari
892 1184 925 1248 in
948 1184 1116 1249 codicibus
1139 1181 1200 1250 ὑπό
1221 1193 1256 1249 ct
1274 1182 1341 1248 οξσό
1356 1187 1389 1250 in
1405 1186 1525 1270 vulgus

345 1313 461 1370 notum
484 1313 548 1382 est;
572 1305 735 1369 interdurn
758 1313 868 1369 autem
890 1324 1050 1388 perquam
1069 1305 1201 1370 difficile
1217 1315 1267 1370 est
1287 1315 1395 1370 utrum
1410 1328 1524 1371 verum

344 1429 386 1492 sit
408 1427 596 1502 diiudicare,
619 1424 673 1490 vel
696 1435 838 1492 statuere
862 1428 1008 1510 possitne
1032 1427 1165 1493 defendi
1188 1425 1255 1493 οὶιιό
1276 1449 1319 1492 an
1341 1431 1385 1494 sit
1407 1431 1524 1494 substi-

342 1549 502 1614 tuendum
533 1545 605 1612 ὑπό.
651 1547 737 1632 Quae
766 1547 939 1614 difficultas
969 1551 1151 1634 praesertim
1178 1550 1267 1634 apud
1290 1551 1522 1635 Thucydidem

344 1672 486 1750 obtinet;
522 1673 581 1736 sed
614 1680 673 1736 aut
701 1670 805 1748 fallor,
835 1681 893 1738 aut
923 1669 1052 1757 longius
1084 1692 1184 1755 quam
1215 1692 1275 1756 par
1298 1683 1348 1738 est
1370 1672 1424 1737 hic
1449 1693 1523 1756 pru

344 1814 476 1880 gressus
499 1802 549 1858 est
570 1815 602 1858 v.
626 1794 667 1858 cl.
687 1814 752 1858 van
769 1793 981 1870 Hcrwerden,
994 1793 1050 1876 qui
1062 1815 1093 1859 v.
1105 1815 1134 1858 c.
1147 1795 1236 1878 apud
1248 1795 1402 1877 Thucyd.
1416 1795 1465 1860 1v
1478 1797 1522 1877 76

343 1916 362 2002 §
392 1934 411 1980 2
440 1915 483 1997 τῷ
514 1913 575 1996 γὰρ
598 1913 793 1997 Ἱπποκράτει
822 1914 875 1980 uui
905 1912 1003 1996 ἐκείνῳ
1033 1913 1076 1979 σοὶ
1103 1913 1229 1981 Βοιώτιοι
1252 1913 1433 1997 nmirum
1455 1916 1522 1983 οὶσσό

341 2061 426 2104 τινων
456 2036 567 2120 ἀνδρῶν
588 2036 618 2100 ἐν
640 2043 711 2110 τοῖς
733 2035 857 2103 πόλεσιν
879 2035 1061 2120 ἐπράσσετο,
1087 2035 1154 2102 κ’σό
1176 2039 1209 2102 ἰιι
1239 2035 1300 2103 ὑπό
1327 2040 1520 2104 mutandum

342 2169 464 2226 censet.
498 2159 567 2225 Sed
589 2159 671 2225 haec
695 2160 833 2225 sortasse
857 2159 937 2224 nihil
960 2160 1003 2224 ad
1027 2159 1297 2244 Aristophanem,
1314 2161 1403 2244 apud
1420 2183 1519 2245 quem

342 2283 475 2347 codices
508 2283 592 2347 inter
626 2291 798 2365 utramque
833 2283 1100 2367 praepositionem
1129 2281 1284 2346 vacillant
1314 2282 1438 2365 Equitt.
1463 2298 1517 2366 70,

341 2405 416 2470 Pac.
442 2421 518 2487 790,
543 2405 626 2468 Rau.
650 2405 727 2484 644,
755 2420 849 2483 1242,
873 2403 955 2468 Plut.
985 2420 1078 2485 1034,
1098 2423 1168 2484 770.
1210 2404 1249 2467 In
1271 2403 1385 2469 ultimo
1408 2413 1519 2469 autem

341 2547 440 2610 quem
462 2527 559 2592 citavi
581 2546 730 2591 versum:

563 2713 623 2792 ἐγὼ
649 2712 676 2777 δ’
701 2711 886 2789 οὶιιοινσῆσκί
907 2714 939 2791 γ’
966 2711 1082 2786 ἐκείνοις
1106 2710 1272 2792 βούλομαι,

339 2915 471 2979 prorsus
495 2915 548 2959 me
570 2893 651 2958 latet
680 2914 738 2958 cur
768 2891 968 2970 Dindorfius‚
1001 2891 1195 2968 Meinekius,
1226 2893 1402 2959 Velsenius
1430 2915 1517 2960 rece·

338 3016 445 3100 perint
475 3015 627 3081 codicum
659 3015 703 3092 M,
729 3015 810 3079 Mut.
842 3031 870 3091 1,
895 3032 913 3078 2
939 3013 1033 3079 Cant.
1056 3032 1088 3095 4,
1120 3014 1216 3078 Bodl.
1239 3014 1272 3092 6,
1296 3032 1319 3097 9
1340 3013 1516 3080 lectionem

338 3137 516 3214 ὑπαντῆσαι
536 3158 597 3222 pro
620 3137 812 3213 οὶσοικσῦσοοι.

382 3381 535 3464 Quinque
567 3383 677 3447 inveni
708 3382 809 3457 locos,
840 3382 896 3445 ubi
920 3382 1004 3446 inter
1034 3377 1095 3446 ὑπό
1116 3379 1147 3445 cl
1170 3377 1226 3445 ἐστι’
1245 3381 1338 3464 optio
1366 3379 1516 3446 iacienda

337 3514 388 3571 est
404 3505 435 3590 ι).
481 3505 520 3569 In
543 3525 682 3588 quorum
705 3504 813 3589 primo
835 3508 964 3584 Equitt.
981 3520 1059 3583 459:

492 3695 530 3767 ὦς
553 3688 584 3759 εὖ
605 3693 659 3760 σοι
682 3691 777 3776 ἄνδρκ
801 3691 943 3765 ποικίλως
967 3691 992 3757 θ’
1015 3691 1150 3768 ὑπῆλθες
1171 3691 1201 3755 ἕν
1224 3689 1364 3769 λόγοισιν,

336 3872 526 3939 Dindorfius
568 3881 602 3937 et
643 3873 790 3937 Kockius
831 3872 1020 3948 rectissime,
1064 3878 1100 3934 ut
1138 3870 1276 3948 videtur,
1319 3879 1515 3955 receperunt

335 3997 458 4062 codicis
498 3996 528 4059 R
564 3994 739 4060 lectionem
774 4001 804 4058 τ’
835 3993 983 4071 insinuem
1020 3992 1146 4076 optimo
1177 3991 1245 4056 iure
1275 3992 1327 4056 hic
1358 4001 1512 4059 annotat:

336 4117 460 4196 „durch
486 4117 612 4200 offenen
634 4116 779 4200 Angnff
805 4115 895 4180 nicht
918 4113 1023 4181 durch
1050 4113 1280 4199 Ueberlistung
1293 4115 1445 4206 (diffinias)
1469 4117 1512 4180 ist

336 4241 444 4306 Kleon
467 4238 628 4323 besiegt.”

367 4476 388 4539 1)
406 4475 527 4527 Omittere
552 4476 621 4525 enim
646 4491 749 4541 possum
776 4475 841 4525 Rau.
863 4475 922 4540 366,
939 4474 983 4524 ubi
1001 4473 1056 4523 iure
1073 4487 1162 4522 omnes
1178 4471 1285 4523 reiciunt
1301 4471 1437 4523 lectionem
1453 4488 1514 4539 quae

334 4560 363 4610 in
380 4561 404 4609 R
420 4565 444 4610 et
460 4560 540 4610 tribus
557 4559 614 4609 aliis
631 4559 770 4610 invenitur:
788 4557 910 4608 κυκλίοισι
927 4558 1041 4620 χοροῖσιν
1057 4553 1156 4623 ἐπᾴδων
1172 4570 1219 4620 pro
1237 4554 1345 4624 ὑπᾴδων.
