3444 5396
767 512 811 592 89

198 701 371 785 quisquam
401 721 468 765 non
499 700 624 785 sprevit
653 698 744 782 quod
777 705 870 762 extat
892 698 925 761 in
948 697 1063 762 codice
1089 695 1117 760 B
1141 690 1297 774 πέπαρδεν
1318 711 1380 777 pro

197 819 402 903 κατέπαρδεν.
449 821 526 886 Non
549 822 876 902 minusPlut.1o93:

377 1009 475 1076 ἱκανὸν
497 1010 558 1094 γὰρ
581 1011 678 1086 αὐτὴν
702 1007 843 1091 πρότερον
866 1005 1053 1074 ὑπεπίττουν
1075 1004 1191 1089 χρόνον,

200 1207 330 1272 abiecta
352 1207 437 1271 iacet
458 1205 557 1271 lectio
572 1207 785 1291 plurimorum
800 1205 951 1270 codicum
967 1201 1122 1280 ε’πίττουν,
1138 1209 1267 1269 servata
1282 1198 1379 1264 etiam

201 1331 290 1414 apud
313 1329 449 1395 Suidam
473 1330 494 1394 i.
516 1328 550 1392 h.
574 1351 605 1392 v.
623 1329 654 1414 ¹).

246 1573 331 1656 Quae
353 1575 542 1639 observatio
566 1593 619 1637 me
643 1593 684 1638 eo
708 1573 810 1648 ducit,
835 1580 871 1636 ut
893 1571 1059 1654 disputem
1082 1569 1125 1634 de
1147 1569 1198 1633 his
1221 1567 1322 1634 locis:

246 1702 352 1763 Nubb.
371 1702 438 1776 987.
469 1695 533 1761 Hic
564 1695 746 1761 Brunckius
777 1702 931 1760 annotat:
962 1693 1096 1777 „Vulgo
1119 1691 1165 1756 sic
1189 1689 1308 1774 legitur
1329 1688 1383 1753 hic

203 1838 335 1883 versus:

272 2005 309 2072 σὺ
333 2006 367 2071 δὲ
390 2006 461 2082 τοὺς
484 2011 533 2072 νῦν
555 2005 639 2078 elota
661 2006 691 2070 ἐν
714 2005 860 2085 ἱματίοισι
886 2002 1039 2080 διδάσκεις
1064 2002 1292 2084 ἐντετυλίχθαι,

204 2187 402 2251 inconcinne
432 2186 614 2252 admodum
644 2195 678 2250 et
700 2194 815 2250 contra
837 2193 1038 2250 commatum
1066 2183 1183 2268 legem.
1231 2181 1383 2246 Emendo

206 2310 403 2374 certissime:

252 2494 289 2562 σὺ
313 2496 347 2562 δὲ
370 2495 441 2572 τοὺς
464 2499 513 2562 νῦν
536 2495 620 2569 εύύὺς
642 2496 672 2559 ἕν
695 2495 828 2574 ἱματίοις
852 2492 1063 2578 προδιδύτκεις
1081 2492 1326 2575 ἕντετυλίχύαι.”

250 2675 312 2741 Cui
336 2697 392 2742 cur
415 2697 482 2741 non
506 2676 778 2759 obtemperarunt
800 2674 920 2758 Bergk,
944 2674 1095 2751 Dindorl,
1119 2672 1258 2750 Teuffel,
1278 2671 1383 2747 Coeo,

205 2797 340 2877 Ksnler,
365 2797 473 2875 Kock,
505 2799 686 2882 praesertim
709 2819 786 2863 cum
809 2797 896 2862 idem
919 2797 984 2882 legi
1008 2799 1073 2862 iam
1100 2798 1240 2861 sciamus
1263 2795 1297 2858 in
1320 2793 1384 2858 Ve-

206 2923 322 3007 neto')
354 2930 387 2987 et
418 2923 450 2986 in
482 2921 564 2986 Mut.
594 2920 631 2984 1?
677 2918 810 2986 Caesura
841 2921 993 3004 neglecta
1023 2922 1084 2984 etsi
1108 2919 1246 2984 sortasse
1269 2917 1383 3002 paucis

206 3042 312 3107 allatis
334 3042 415 3107 locis
438 3041 570 3107 delendi
593 3043 708 3125 possit,
731 3051 843 3106 tamen
867 3041 983 3106 melius
1004 3040 1153 3125 prolecto
1177 3040 1309 3104 tollitur.

251 3173 356 3246 Vesp.
376 3185 447 3246 997.
481 3164 666 3230 Phiclocleo
689 3165 788 3230 animi
811 3165 991 3247 deliquium
1006 3183 1123 3247 passus
1138 3163 1252 3228 audito
1268 3181 1384 3226 canem

207 3287 297 3351 illum
321 3286 510 3351 absolutum
534 3306 617 3362 esse,
641 3285 777 3351 simulac
800 3287 944 3350 animum
959 3287 1093 3369 recepit,
1113 3284 1292 3350 exclamat:
1310 3283 1387 3374 „dic

207 3409 296 3486 mihi,
327 3405 416 3482 ὄντας
446 3405 655 3488 οὶπέΦυνεν”;
688 3445 729 3457 -
764 3409 828 3473 Hic
861 3409 999 3474 nimium
1029 3408 1136 3472 codici
1170 3406 1202 3468 R
1235 3405 1386 3470 tribuisse

209 3531 289 3597 mihi
313 3533 467 3596 videntur
489 3529 633 3606 Richter,
658 3529 822 3606 Meineke,
846 3552 912 3595 van
936 3529 1110 3608 Leeuwen,
1130 3529 1326 3613 recipientes
1343 3548 1386 3591 ex

209 3677 250 3720 eo
286 3652 445 3737 πέφευγεν
479 3675 539 3738 pro
575 3651 752 3736 ἀπέφυγεν.
796 3651 920 3731 Φεύγειν
943 3655 1031 3716 enim
1055 3655 1097 3717 de
1121 3673 1178 3716 reo
1203 3649 1385 3715 adhibitum

209 3777 371 3862 significat
393 3797 530 3842 causam
553 3775 657 3840 dicere
679 3776 787 3859 potius
811 3796 912 3859 quam
934 3775 1064 3840 absolvi
1069 3799 1081 3854 ;
1103 3773 1144 3838 cl.
1167 3794 1216 3837 vs.
1245 3786 1280 3853 15
1287 3787 1323 3854 7:

552 3947 627 4012 ἀλλ’
653 3945 839 4030 ἐκφεύξεται
867 3944 1082 4027 Δρακοντιῖνς,

232 4081 267 4140 et
289 4093 337 4136 vs
367 4055 469 4137 1006:
556 4075 621 4144 πῶς
644 4063 692 4134 οὖν
714 4069 840 4150 ἐμαυτῷ
864 4071 947 4135 τοῦτ’
969 4067 1029 4146 ἐγὼ
1056 4065 1240 4146 τυνεύτομαι,

497 4189 500 4194 ’
554 4191 701 4276 φεύγοντ’
725 4188 891 4265 ἀπολύσας
912 4188 1026 4271 ἄνδρας

243 4380 264 4443 ¹)
281 4381 342 4430 Alia
366 4378 553 4445 praepositionis
579 4377 680 4427 omissae
705 4377 819 4442 exempla
839 4384 923 4426 extant
940 4376 1039 4439 Equitt.
1058 4375 1115 4442 616,
1135 4377 1217 4442 13633
1242 4375 1311 4439 Vesp.
1328 4384 1387 4438 427,

214 4475 285 4531 1251,
315 4474 392 4530 15303
417 4464 476 4511 Pac.
502 4463 552 4524 346
577 4461 619 4525 (de
645 4476 696 4527 quo
721 4476 795 4510 versu
819 4459 852 4511 cl'.
870 4475 946 4524 supra
962 4475 988 4523 p.
1004 4461 1062 4525 4o);
1081 4461 1145 4508 Αυυ.
1164 4470 1225 4526 2053
1243 4461 1311 4508 Ran.
1332 4469 1386 4525 170,

206 4559 269 4615 523,
287 4559 344 4614 595,
364 4560 436 4610 1019,
456 4559 536 4612 13303
555 4546 624 4596 Plut.
643 4555 693 4609 724
709 4549 767 4608 (sec.
784 4561 809 4594 v.
826 4543 938 4608 Velsen)‚
955 4556 1013 4607 999.

245 4632 265 4695 2)
282 4631 389 4682 Dubitat
407 4631 439 4680 de
457 4629 505 4680 hoc
522 4629 610 4680 codice
627 4629 745 4696 Blaydes‚
760 4627 869 4679 affirmat
886 4627 981 4678 Ferrai.
