3444 5396
952 489 996 553 92

383 653 479 732 beck,
510 653 663 733 Diodori,
693 655 831 724 Zacher.
877 657 981 724 Verbi
1003 667 1115 724 tamen
1138 657 1321 743 ὑποτρέχειν
1342 661 1412 728 sine
1432 683 1540 728 aecusa-

382 787 451 844 trvo
480 777 619 844 adhibiti
650 799 768 845 vereor
797 789 834 846 ut
863 779 1018 866 exempla
1040 781 1145 846 afferri
1168 784 1311 866 possint;
1344 782 1444 849 multo
1467 793 1541 850 certe

381 901 491 986 aptius
512 909 564 968 ert
589 899 799 985 ύπειιτρέχειν,
830 903 920 988 quod
943 903 1009 970 leni
1031 906 1288 990 transpositione
1311 907 1480 972 verborum
1505 908 1542 972 sic

381 1033 492 1108 poetae
515 1024 659 1091 reddidit
681 1025 848 1092 Fritzsche
871 1025 929 1110 (ad
952 1027 1039 1092 Rau.
1061 1027 1162 1112 488):

582 1211 643 1290 ἐγὼ
668 1211 696 1278 δ’
721 1209 872 1294 ἐπριύροιρν
894 1211 937 1279 τίι
959 1211 1086 1295 ιιορίοινν’
1110 1213 1316 1296 ὑπενδροιμιίν
1330 1218 1360 1301 ¹).

425 1391 551 1456 Vitium
574 1392 654 1458 vitio
675 1391 851 1476 expulsum
873 1401 925 1458 est
947 1397 1036 1459 Rnn.
1054 1399 1128 1474 369,
1148 1395 1204 1462 ubi
1227 1393 1300 1460 haec
1323 1415 1367 1460 ex
1390 1397 1499 1462 codice
1521 1398 1548 1462 V

381 1511 485 1578 edunt
505 1511 686 1591 Fritzsche,
710 1513 830 1598 Bergk,
854 1514 1003 1580 Diodori
1013 1515 1053 1599 '):

425 1700 543 1777 τούτοις
565 1702 656 1779 adini,
679 1697 781 1776 κοιύίις
803 1702 947 1784 οἰποινδῶ,
970 1697 1073 1777 κοιύίις
1095 1703 1130 1769 τὸ
1154 1703 1255 1786 τρίτον
1279 1702 1360 1784 μάλ’
1384 1705 1514 1772 rimavi&

426 1823 608 1902 ἒξίττιιτύιιι
631 1823 783 1905 μύττοιιπι
806 1833 918 1910 χοροῖς,

380 2005 441 2069 sed
474 2005 609 2070 omnino
642 2005 695 2070 hic
729 2027 831 2072 unum
864 2007 1017 2089 idemque
1050 2005 1187 2072 verbum
1220 2009 1301 2091 poni
1331 2007 1443 2083 debet,
1476 2007 1558 2072 unde

379 2125 554 2204 Porsonus,
577 2149 677 2212 quem
700 2129 847 2212 sequitur
876 2127 1078 2194 Meineldus:
1109 2127 1219 2194 τοιοίδ’
1243 2128 1377 2196 circavi&
1402 2130 1559 2213 —quod

379 2257 491 2313 tamen
525 2271 710 2334 pronomen
744 2251 840 2316 nimis
874 2249 1031 2316 δεικτικύν.
1077 2251 1255 2318 Velsenius
1292 2261 1327 2318 et
1361 2251 1510 2318 Kocldus
1541 2271 1559 2315 e

380 2371 588 2439 Valckenarii
619 2375 808 2440 coniectura
839 2375 942 2440 edunt
972 2368 1043 2439 οἰσιν
1073 2373 1218 2451 οἰποινίῶ,
1250 2375 1342 2458 quod
1368 2395 1448 2439 num
1471 2374 1559 2439 salva

379 2493 458 2559 artis
479 2498 701 2582 grammaticae
723 2497 799 2582 lege
821 2499 865 2562 ad
880 2497 1067 2579 omnesqui
1082 2497 1305 2562 indeaversu
1325 2511 1362 2578 35
1370 2509 1385 2577 5
1401 2497 1557 2562 nominati

380 2628 456 2685 sunt
487 2619 599 2685 referri
633 2621 745 2704 possit,
781 2619 1069 2684 vehementissime
1099 2619 1225 2684 dubito.
1270 2621 1382 2684 Poetae
1414 2639 1554 2694 manum,

379 2741 440 2806 nisi
461 2741 595 2826 egregie
617 2740 721 2814 fallor,
743 2741 882 2806 restituit
903 2741 1108 2825 Blaydesius,
1132 2742 1187 2824 qui
1212 2741 1362 2825 scripsit:

425 2910 543 2987 τούτοις
562 2911 698 2994 πρωνίῶ,
713 2906 816 2987 κοιύύις
831 2911 967 2994 πρωυδῶ,
983 2906 1085 2984 κοιύύις
1099 2912 1135 2977 τὸ
1154 2910 1253 2994 τρίτον
1269 2908 1363 2990 μύλοι
1380 2909 1515 2994 προινίῶ.

424 3089 549 3156 Omnes
571 3091 702 3158 codices
724 3092 806 3158 haec
828 3091 921 3156 labes
944 3091 1054 3158 iniecit
1077 3097 1184 3172 vesp.
1208 3097 1274 3172 837,
1294 3091 1351 3174 qui
1373 3111 1487 3156 versus
1511 3090 1554 3154 sic

379 3215 519 3279 traditus
541 3223 609 3280 est:

915 3336 947 3399 ού
971 3334 1032 3416 γίιρ
1055 3335 1070 3400 ἰ
1094 3332 1208 3413 Λύβνς
1229 3332 1338 3416 ιίρτίοις

601 3456 615 3520 i
637 3455 713 3522 κύων
736 3454 884 3541 ποιρρίξοις
906 3457 946 3529 εἰς
968 3456 1019 3522 τὸν
1043 3456 1164 3541 ἰπνίνί)
1187 3453 1336 3538 ύρπύτοις

602 3579 779 3662 τροφοιλιδοι
802 3582 889 3660 τνροῦ
913 3578 1071 3654 Σικελικίρν
1093 3577 1316 3654 κοτεδιίδοκενς

412 3774 432 3838 1)
449 3774 572 3826 Similiter
596 3776 693 3840 Equiti.
722 3785 770 3838 742
797 3774 878 3838 (cuius
897 3789 983 3824 versus
1001 3789 1057 3840 quae
1074 3789 1133 3824 vera
1150 3773 1182 3822 sit
1198 3772 1274 3823 lectio
1292 3771 1353 3822 satis
1370 3771 1495 3822 incertum
1512 3773 1557 3834 est)

379 3858 406 3907 in
423 3858 481 3908 aliis
496 3858 568 3908 libris
585 3865 622 3908 est
639 3856 789 3920 ὑποδραμὼν
806 3857 833 3906 in
851 3857 909 3906 aliis
926 3854 1102 3920 ύπειιδριιμύν.

412 3942 432 4004 ἰ)
448 3942 520 3992 Idem
544 3949 670 3992 servatum
694 3948 732 3991 est
765 3940 834 4006 apud
858 3939 925 3990 Gell.
947 3940 1019 3990 Praei.
1038 3939 1052 4008 5
1070 3952 1119 4007 213
1136 3937 1238 3996 τούτοις
1255 3935 1363 3988 druvio
1380 3944 1461 3988 metro
1478 3939 1557 3989 invito

379 4024 471 4075 Suidas
488 4041 590 4092 quoque
605 4025 683 4076 habet
700 4025 718 4075 i.
736 4041 760 4074 v.
777 4022 893 4075 ύπιινδίἰ.

411 4108 432 4170 ἰ)
448 4108 607 4158 Vocabulum
623 4107 693 4166 ἰπνὸς
708 4107 736 4156 in
753 4114 863 4158 mentem
879 4106 942 4156 mihi
959 4112 1060 4157 revocat
1076 4107 1145 4156 Plut.
1163 4104 1211 4172 815
1236 4105 1249 4156 ύ
1267 4103 1289 4158 δ’
1306 4105 1376 4162 ἰπνὸς
1392 4103 1483 4168 γέγον’
1496 4105 1554 4168 ἡμῖν

379 4189 495 4253 ἐξαπίνης
520 4187 687 4254 ἰλεφιίντινος.
721 4191 799 4256 Apud
824 4191 921 4240 Polluc.
947 4191 973 4239 X
992 4199 1037 4255 155
1058 4189 1183 4254 legimus:
1202 4187 1386 4252 Ἀριστοφάνης
1403 4186 1429 4239 ἰν
1447 4188 1556 4252 Πλούτῳ

380 4272 448 4322 εἰπὸν
473 4272 526 4336 (sic)
550 4271 598 4330 τίςν
623 4272 743 4336 μνάγριιν
770 4273 847 4322 nansi
862 4301 895 4310 -
913 4288 963 4338 qua
981 4272 1012 4322 de
1030 4288 1105 4322 causa
1122 4273 1252 4322 Bentleius
1270 4271 1314 4336 (ad
1331 4271 1432 4322 Callim.
1451 4272 1482 4322 fr.
1499 4273 1556 4336 233)

379 4371 473 4418 magna
497 4370 555 4404 cum
579 4355 673 4405 fiducia
697 4356 835 4420 reponebat
858 4351 929 4412 ἰπος;
955 4363 1052 4406 secutus
1077 4371 1136 4405 eum
1161 4363 1199 4405 est
1224 4354 1443 4421 Hemsterhusius3
1470 4357 1512 4405 cui
1529 4355 1555 4404 in

379 4438 534 4502 supellectile
557 4439 682 4488 culinaria
707 4439 853 4502 muscipuloe
876 4437 961 4487 locum
986 4455 1040 4488 non
1062 4455 1117 4488 esse
1135 4439 1282 4502 negandum
1299 4438 1407 4488 minime
1423 4440 1554 4504 conced03

379 4532 532 4583 quamquam
556 4517 609 4566 fieri
633 4517 716 4581 potuit
740 4524 767 4567 ut
791 4516 916 4566 interdum
942 4517 970 4565 in
996 4518 1081 4566 eulina
1106 4525 1251 4567 servaretur.
1286 4517 1359 4566 Nihil
1384 4517 1461 4568 video
1486 4517 1554 4584 quod

379 4600 518 4665 improbari
542 4600 622 4666 possit
647 4602 675 4651 in
702 4601 779 4667 ἰπνὸς,
795 4601 864 4666 quod
889 4601 989 4652 latemoe
1014 4617 1089 4652 sensu
1118 4603 1232 4668 usurpari
1260 4617 1335 4668 posse
1351 4601 1403 4652 iam
1420 4601 1552 4654 anesius
