3434 5394
810 513 851 578 37

243 708 275 749 τι
298 683 392 767 σοφὸν
416 681 626 764 προβάλοιμιοι
651 684 745 748 Leid.
765 696 801 764 5;
818 705 849 748 τι
865 681 959 763 σοφὸν
973 679 1205 763 προβάλλονμοιι
1219 681 1314 746 Bodl.
1333 697 1363 762 7.
1381 715 1423 728 -

243 806 427 872 Pronomen
459 806 538 870 mihi
569 805 704 889 quidem
734 825 866 888 prorsus
897 805 1117 869 necessarium
1140 803 1285 880 videtum
1311 803 1425 885 itaque

242 927 384 992 dubitari
409 929 467 992 vix
489 937 602 1011 potest
624 928 705 1010 quin
727 927 940 991 scribendum
963 925 1006 990 sit
1027 948 1058 990 τι
1081 922 1230 1006 προβάλω
1254 947 1299 990 σοι
1318 920 1423 1006 σοφόν,

244 1052 337 1133 quod
362 1071 406 1114 ex
436 1050 614 1134 Hirschigii
645 1049 832 1114 coniectura
855 1047 1028 1114 ediderunt
1051 1046 1205 1129 Blaydes,
1229 1045 1337 1121 Kock,
1360 1065 1425 1110 van

245 1171 426 1250 Leeuwen;
457 1173 518 1236 nisi
540 1172 613 1253 quis
636 1170 729 1235 malit
751 1193 781 1235 τι
805 1165 975 1250 προβιέλλο
999 1192 1043 1235 σοι
1067 1165 1173 1252 σοφόν,
1196 1169 1287 1253 quod
1308 1169 1425 1252 proba·

246 1301 323 1357 runt
345 1281 500 1358 Meioeke
522 1303 557 1357 et
580 1291 714 1357 Kiihler.

289 1421 371 1481 Pac.
389 1434 456 1495 ²53·
492 1415 595 1480 l’rave
611 1413 794 1490 Richterus,
811 1413 954 1478 editores
970 1422 1048 1477 ante
1064 1411 1264 1476 Brunclrium
1276 1421 1422 1488 secutus,
1490 1405 1493 1410 ’

245 1557 377 1602 versum
400 1538 446 1601 sic
469 1537 588 1602 edidit:

447 1796 452 1810 ⁸
490 1719 587 1799 οὗτος,
611 1728 746 1805 ποιρσοινῶ
771 1721 875 1802 ροέλιτι
899 1723 1032 1804 χρῆσθαι
1056 1721 1177 1804 έοέτέρςο,

242 1905 365 1968 omisso
388 1925 443 1979 σοι,
466 1902 558 1988 quod
580 1903 613 1966 in
637 1902 807 1966 codicibus
828 1910 906 1985 post
929 1904 1064 1981 πιιροοινῶ
1081 1901 1216 1985 legitur;
1237 1902 1317 1986 quid
1335 1903 1423 1968 eninr

242 2025 295 2090 hic
318 2025 480 2110 significat
503 2021 639 2106 lnrlpp?
665 2023 768 2106 Quod
790 2019 836 2089 eir
858 2021 946 2104 ἑτέρῳ
969 2033 1076 2088 ortum
1099 2033 1150 2088 est
1165 2044 1275 2088 errore
1289 2023 1422 2101 librarii,

241 2168 343 2231 quern
357 2147 556 2212 offendebat
578 2147 735 2228 synizesis
756 2147 791 2210 in
815 2145 947 2227 χρῆσθαι
970 2143 1068 2226 ἑτέρῳ.

287 2391 400 2455 Plures
422 2391 522 2455 etiam
545 2409 681 2454 numero
704 2398 779 2454 sunt
802 2388 876 2464 loci,
901 2390 956 2454 ubi
985 2391 1125 2454 insertus
1151 2398 1202 2454 est
1217 2392 1423 2456 accusativus

243 2513 448 2597 pronominis
476 2511 667 2594 personalis.
699 2511 845 2576 Nascens
879 2512 1002 2576 malum
1026 2514 1188 2578 cernimus
1207 2517 1333 2590 Equiti.
1353 2535 1421 2597 937,

244 2637 301 2700 ubi
323 2637 357 2699 in
380 2642 403 2698 Γ
427 2655 543 2698 manus
558 2621 703 2697 secunda
718 2653 816 2717 supra
833 2637 948 2714 φοιγεῖν
964 2634 1093 2716 scripsit
1111 2658 1155 2712 σε,
1168 2636 1219 2701 vel
1231 2641 1337 2703 Nubb.
1347 2643 1423 2716 696,

245 2759 302 2822 ubi
324 2779 385 2843 pro
408 2753 491 2837 εἴπερ
515 2778 554 2836 γε
577 2755 639 2836 χρὴ
661 2757 665 2844 Ι
687 2753 800 2836 χοιροοιέ
822 2763 857 2832 μ’
880 2753 968 2821 ἔοοσον
999 2755 1083 2821 ιιῦτοὶ
1106 2762 1197 2824 τοῦτ’
1220 2759 1423 2843 ἐκφροντίσαι,

245 2877 328 2959 εἴπερ
352 2901 394 2957 με
416 2877 518 2942 habet
540 2876 635 2942 Bodl.
660 2891 691 2958 7,
715 2873 744 2939 el
764 2873 802 2952 γέ
826 2899 868 2954 με
891 2876 952 2941 GT
975 2879 1071 2943 Bodl.
1099 2896 1127 2954 1,
1152 2879 1243 2945 Harl.
1269 2899 1296 2945 1.
1320 2882 1423 2945 Mirus

244 3020 425 3066 consensus
448 3007 499 3064 est
522 2998 669 3062 omnium
699 2999 754 3081 qui
778 2999 990 3064 innotuerunt
1019 3001 1171 3065 codicum
1193 3012 1313 3085 praeter
1335 3004 1423 3069 dete·

246 3123 348 3187 riores
371 3121 547 3186 nonnullos
568 3126 673 3187 Nubb.
693 3141 752 3202 345
770 3123 804 3185 in
827 3123 946 3186 vitiosa
968 3122 1109 3188 lectione
1124 3118 1198 3188 ἅττ’
1211 3120 1250 3187 ἄν
1265 3133 1293 3189 σ’
1308 3123 1423 3206 έροροιοι

244 3264 306 3327 pro
329 3238 402 3308 ἅττ’
424 3240 462 3308 ἂν
486 3239 615 3323 έροοροοοι;
639 3251 719 3308 Pac.
737 3249 804 3309 600
823 3267 857 3307 σε
878 3255 956 3328 post
979 3242 1228 3326 προσγελάσεται
1242 3247 1375 3311 additur
1390 3249 1422 3312 in

243 3365 271 3428 Β
293 3366 347 3449 (de
370 3367 402 3431 V
432 3364 521 3429 idem
543 3365 683 3429 affirmat
705 3364 860 3447 Blaydes,
884 3368 945 3431 sed
975 3377 1075 3451 negat
1103 3368 1232 3453 Cobet),
1261 3374 1348 3436 Plut.
1368 3390 1422 3449 912

245 3489 278 3553 οὐ
290 3487 351 3569 γιὶρ
364 3487 506 3568 προσήκει
519 3487 575 3561 τὴν
587 3487 723 3564 ε’ροιιντοῖι
735 3509 787 3564 μοι
799 3485 889 3552 πόλιν
909 3487 914 3576 Ι
934 3489 1110 3571 εὐεργετεῖν,
1124 3484 1146 3554 ὦ
1157 3488 1274 3572 κέπφε,
1283 3493 1350 3557 καθ’
1357 3488 1422 3558 ὅσον

244 3608 282 3675 ἂν
305 3609 403 3685 σθένον,
425 3619 504 3694 post
519 3611 686 3689 εὐεργετεῖν
697 3629 880 3691 pronomen
893 3617 928 3687 ρι’
938 3611 1096 3675 insertum
1108 3620 1159 3677 est
1169 3613 1204 3677 in
1217 3612 1294 3689 AU,
1307 3614 1378 3679 aliis
1390 3615 1422 3700 ¹).

289 3732 419 3810 Bothio,
437 3733 529 3796 cuius
546 3733 710 3798 editiones
726 3742 761 3797 et
775 3733 977 3797 coniecturas
993 3737 1098 3818 magis
1117 3737 1161 3801 ob
1180 3735 1422 3802 multitudinem

278 3989 300 4054 ¹)
316 3990 380 4040 Item
397 3987 425 4038 in
441 3987 466 4036 V
481 4003 531 4038 sec.
548 3988 721 4056 Blaydesiunr,
737 3988 784 4039 sed
800 3987 872 4038 nulla
886 3987 964 4038 huius
980 3988 1016 4038 rei
1025 3989 1122 4040 mentio
1130 4005 1213 4056 neque
1221 3991 1291 4056 apud
1298 3992 1422 4044 Cobetum

244 4089 327 4140 neque
344 4072 413 4138 apud
430 4069 587 4122 Velsenium.

277 4157 353 4208 Plura
370 4162 455 4206 autem
472 4155 589 4220 exempla
605 4155 649 4220 qui
667 4155 760 4222 cupiat,
777 4155 853 4205 adest
868 4155 997 4221 Blaytlesii
1009 4165 1157 4222 apparatum
1169 4158 1282 4210 criticum
1291 4160 1325 4209 ed
1333 4160 1419 4211 Nubb.

248 4252 320 4308 1174,
345 4239 410 4290 Plut.
430 4251 485 4300 142.
502 4266 536 4276 -
553 4238 675 4289 Eiusdem
700 4238 905 4304 interpolationis
930 4240 1073 4306 exemplum
1091 4239 1155 4292 sorte
1171 4241 1272 4292 fortuna
1289 4243 1376 4294 inveni
1394 4243 1421 4294 in

250 4325 308 4376 Vita
328 4325 415 4392 Persii,
434 4321 479 4373 ubi
496 4322 598 4373 codices
616 4324 659 4372 al’
674 4323 784 4374 habent:

511 4446 567 4496 Nec
583 4445 655 4497 fonte
672 4445 744 4495 labro
761 4443 845 4511 prolui
860 4444 990 4496 caballino

512 4544 560 4580 nec
578 4529 606 4578 in
622 4528 728 4594 bicipite
745 4529 886 4582 somniasse
902 4529 1027 4579 Parnasso

512 4611 619 4664 memini
636 4628 674 4662 me
689 4620 716 4663 ut
733 4620 837 4678 repente
854 4612 891 4663 sic
907 4621 983 4678 poete
999 4611 1135 4677 prodirem.
