3444 5396
884 489 927 562 68

314 685 402 757 νῆν-ες
426 681 446 766 ¹)
477 682 633 747 scriberet
660 677 681 746 ὦ
704 680 884 764 σοφώτατον
907 684 1060 765 equidem
1083 703 1150 747 non
1173 683 1347 769 intelleg03
1379 695 1494 750 contra

314 804 404 869 haud
435 804 612 868 absurdum
649 805 777 868 videtur
809 813 952 870 statuere
992 826 1052 888 pro
1087 806 1208 869 rariore
1242 826 1323 870 voce
1360 806 1438 870 olim
1473 825 1494 872 a

313 925 443 991 librario
472 928 674 992 usitatiorem
708 926 918 991 substitutam
955 947 1038 1002 esse,
1073 947 1172 1010 quam
1208 927 1285 992 huic
1320 927 1395 993 loco
1434 929 1490 993 mi·

313 1050 400 1113 nime
423 1051 569 1132 ineptam
592 1069 665 1113 esse
687 1048 867 1113 ostendunt
889 1048 1043 1132 exempla
1065 1049 1108 1113 ab
1134 1050 1359 1115 Herwerdeno
1382 1050 1491 1116 allata.

313 1166 447 1230 Nullam
471 1174 582 1230 autem
605 1165 702 1229 video
726 1185 857 1230 causam
878 1165 923 1230 ob
945 1186 1046 1250 quam
1063 1167 1228 1230 memoriae
1245 1187 1356 1231 errore
1373 1170 1491 1252 decep·

312 1296 383 1350 tum
416 1309 488 1352 esse
524 1287 707 1352 Diodorum
744 1295 928 1351 statuamus
966 1308 1041 1351 cum
1079 1287 1263 1362 Dindorfio‚
1303 1287 1490 1370 Blaydesio,

312 1411 535 1474 Herwerdeno
551 1409 590 1493 ’);
614 1410 724 1492 itaque
748 1409 882 1473 omnino
906 1418 994 1473 recte
1018 1416 1196 1491 λνπερνηπες
1219 1411 1383 1493 recepisse
1412 1410 1491 1474 mihi

311 1533 463 1596 videntur
486 1530 640 1597 Meineke
665 1540 700 1596 et
723 1530 834 1614 Paley.

346 1677 436 1736 Avv.
456 1677 531 1751 778:

600 1849 732 1930 κύματα
756 1849 784 1914 δ’
808 1847 918 1928 ἔσβεσε
962 1849 1088 1928 νήνεμος
1112 1847 1203 1931 αἴθρη.

354 2029 563 2113 Quamquam
593 2029 749 2094 credibile
781 2038 832 2095 est
862 2028 1122 2113 Aristophanem
1152 2038 1310 2094 nontam
1334 2039 1486 2094 accurate

309 2174 408 2237 quam
438 2162 588 2218 cantores
618 2155 729 2238 epicos
761 2153 812 2238 (cl.
844 2152 949 2217 Lehrs
976 2151 1169 2216 Aristarch.²
1200 2172 1233 2235 p.
1270 2152 1332 2233 169
1355 2153 1416 2237 sq.)
1440 2154 1485 2216 di-

310 2276 465 2340 stinxisse
488 2296 606 2340 vocem
629 2273 726 2356 αἴθρην
749 2297 770 2339 a
787 2296 870 2340 voce
886 2273 980 2355 αἴθθρ,
996 2273 1060 2339 hoc
1075 2284 1187 2339 tamen
1203 2274 1337 2339 nomine
1353 2283 1487 2358 praestat

308 2397 406 2462 lectio
436 2397 530 2478 αἴθθρ,
561 2419 635 2480 quae
666 2399 791 2482 (addito
817 2420 863 2479 γρ.
886 2394 939 2460 καὶ
963 2394 1056 2481 αἴθρη)
1087 2406 1215 2461 servata
1239 2405 1290 2460 est
1313 2398 1347 2461 in
1369 2397 1485 2462 codice

311 2529 334 2583 Γ
364 2528 397 2584 et
427 2530 561 2605 recepta
592 2541 613 2584 a
642 2520 820 2596 Meinekio,
851 2518 1103 2602 Blaydesioque‚
1134 2520 1224 2602 quod
1248 2520 1281 2590 in
1305 2521 1485 2603 posteriore

310 2641 484 2705 Graecitate
501 2637 584 2722 αἴθρη
608 2642 727 2725 saepius
751 2641 927 2705 adhibetur
941 2661 1002 2722 pro
1018 2639 1101 2720 αἴθθρ
1118 2639 1173 2726 (cf.
1195 2638 1310 2724 Steph.
1327 2640 1484 2705 Thesaur.

307 2764 328 2826 i.
353 2785 384 2827 v.
408 2760 518 2847 αἴθρη);
542 2761 637 2827 facile
659 2764 757 2846 igitur
779 2761 925 2846 intellegi
948 2770 1059 2844 potest
1080 2781 1148 2843 quo
1170 2763 1272 2825 modo
1289 2761 1386 2826 lectio
1403 2760 1485 2843 αἴθρη

308 2893 380 2948 orta
403 2886 454 2948 sit.
500 2883 550 2948 Cf.
581 2894 740 2967 praeterea
763 2883 854 2947 locus
878 2904 897 2946 a
921 2882 1097 2964 Blaydesio
1120 2882 1237 2947 allatus
1261 2883 1395 2948 Thesm.
1423 2901 1484 2964 43:

310 3003 411 3086 ἐχέτω
439 3004 472 3069 δέ
496 3004 591 3077 πνοθος
613 3005 737 3084 νήνεμος
760 3004 854 3085 αἴθθρ.

346 3149 537 3223 Avv.1301:

556 3285 624 3372 ᾖδον
648 3289 675 3354 δ’
697 3289 757 3354 ὑπο
782 3287 964 3371 Φνλορννθῖας
988 3285 1103 3360 ποῖνπες
1126 3287 1207 3368 μέλη

555 3409 629 3477 θπον
654 3411 788 3494 χελιδὼν
813 3406 846 3486 ἦν
870 3436 917 3486 τις
942 3409 1172 3490 ἐμπεποιημένη

554 3533 571 3610 ἢ
595 3534 734 3615 πηνέλοψ
759 3533 776 3611 ἢ
799 3533 863 3615 χήν
885 3556 932 3606 τος
955 3533 972 3610 θ
996 3531 1157 3616 περοοτέρα
1179 3547 1249 3598 κτλ.

352 3717 415 3780 Pro
439 3711 668 3792 ἐμπεποιημένη
691 3724 713 3776 Β
737 3723 770 3778 et
789 3721 811 3776 Γ
827 3713 952 3778 habent
967 3710 1224 3791 ἐμπεπλεγμένη,
1240 3714 1332 3795 quod
1347 3713 1484 3778 verbum

307 3838 499 3920 exquisitius
534 3840 603 3901 iure
636 3837 830 3917 Blaydesius
865 3835 1014 3901 defendit
1049 3835 1123 3901 coll.
1159 3835 1298 3919 Antiph.
1331 3837 1368 3900 lr.
1402 3854 1484 3918 209:

309 3962 437 4024 πονοῦσιν
461 3957 668 4036 ἐμπλέκοντες
690 3957 841 4039 οἴλλθτρνα
865 3956 966 4037 μέλη;
990 3960 1071 4023 Plut.
1096 3957 1198 4024 Solon
1221 3956 1308 4040 3καῖ
1325 3963 1385 4023 τῶν
1402 3971 1486 4023 πολο-

306 4085 394 4146 τοκῶν
417 4078 523 4145 πολλοὶ
547 4077 785 4157 συγκατέπλεκε
807 4085 871 4152 τοῖς
894 4080 1080 4159 πονήμαοννς
1108 4082 1204 4145 Babr.
1230 4079 1295 4145 fab.
1325 4098 1397 4164 119,
1427 4098 1483 4146 11:

337 4366 357 4428 1)
373 4366 416 4414 An
441 4362 607 4427 ὦλνπερνῆπες
633 4363 659 4427 (i.
669 4380 691 4414 e.
717 4359 735 4412 οἴ
762 4363 959 4426 daramium
985 4363 1026 4416 cf.
1052 4381 1102 4414 van
1127 4365 1308 4429 Wageningen
1333 4362 1361 4412 in
1379 4361 1485 4430 Sylloge

305 4447 546 4499 commentationum
563 4464 587 4495 v.
605 4445 637 4497 cl.
655 4447 738 4496 Conto
756 4447 906 4505 oblatarum,
923 4464 948 4512 p.
969 4459 1015 4514 139
1033 4464 1070 4514 sq.

337 4533 358 4594 θ)
376 4529 452 4594 Quod
477 4546 526 4580 vss.
548 4531 596 4593 607
614 4545 651 4596 sq.
669 4529 762 4581 omittit
778 4529 917 4598 Diodorus,
933 4531 962 4580 id
977 4531 1037 4581 huic
1054 4531 1138 4582 tribuo
1155 4547 1244 4598 causae,
1261 4530 1330 4596 quod
1346 4545 1391 4581 eos
1408 4529 1485 4581 citare

304 4615 371 4664 nihil
389 4615 443 4664 eius
460 4613 585 4664 intererat.
