3444 5396
807 504 849 588 67

236 697 356 772 potest,
399 699 435 754 ut
474 690 563 774 apud
604 689 702 754 alium
745 691 938 774 scriptorem
977 691 1041 755 hoc
1081 692 1218 756 verbum
1253 690 1415 756 invenerit

236 811 432 896 Hesychius.

271 966 378 1040 vesp.
396 967 474 1041 496-

348 1105 381 1181 ἢν
405 1105 439 1170 δὲ
461 1106 582 1185 γήτειον
605 1113 755 1188 προσαιτῇ
778 1111 849 1179 ταῖς
872 1104 991 1186 ἀφύαις
1015 1101 1141 1186 ἥδυσμά
1165 1107 1229 1192 nst)
1251 1145 1295 1154 —

282 1285 364 1349 Haec
387 1284 528 1361 codices,
553 1293 656 1350 metro
680 1293 851 1369 suspect03
874 1304 941 1368 qua
963 1286 1006 1350 de
1022 1304 1120 1350 causa
1135 1282 1311 1367 τιςοὶφύαις
1327 1282 1415 1359 itte-

238 1430 330 1486 ματα
352 1408 493 1485 Brunck‚
517 1408 549 1471 in
573 1428 639 1492 qua
662 1408 802 1472 lectione
822 1428 938 1472 vereor
957 1417 993 1472 ut
1015 1407 1146 1472 defendi
1165 1408 1270 1492 possit
1283 1406 1416 1492 pluralis

236 1527 417 1608 ἡδύσματα.
457 1529 562 1594 Multo
583 1528 732 1614 proiecto
753 1529 957 1614 probabilior
979 1539 1029 1594 est
1052 1531 1240 1595 coniectura
1263 1531 1295 1594 in
1317 1550 1416 1613 quam

237 1653 420 1716 inciderunt
451 1672 515 1716 van
544 1653 710 1717 Leeuwen
741 1661 775 1716 et
805 1652 960 1734 Blaydes,
992 1673 1105 1718 veram
1135 1673 1208 1718 esse
1239 1653 1415 1717 lectionem

237 1779 307 1848 ταῖς
329 1771 470 1854 τριχίσιν,
493 1775 538 1838 ita
562 1782 619 1850 „ut
642 1772 807 1856 glossema
830 1774 872 1838 sit
894 1771 1034 1856 ἀφύαις”
1058 1772 1234 1858 (Blaydes).

272 1933 380 2007 vesp.
399 1934 481 2008 6522

527 2086 618 2172 ἀτάρ,
642 2084 663 2153 ὦ
687 2085 786 2171 πάτερ
810 2087 939 2170 ἡμέτερε
962 2087 1138 2171 Κρονίδη-

238 2293 362 2350 temere
387 2283 521 2350 Richter
536 2293 570 2349 et
587 2284 712 2350 Graves
728 2305 772 2349 ex
786 2284 817 2347 R
833 2285 1006 2349 ediderunt
1020 2283 1094 2349 ἀλλ’
1111 2306 1171 2372 pro
1187 2283 1285 2367 ainaim
1302 2295 1416 2352 contra

274 2427 363 2486 Avv.
381 2427 442 2500 69:

461 2598 549 2665 ἀλλὰ
572 2599 609 2664 σὺ
633 2598 666 2664 τί
687 2599 776 2682 θηρίον
799 2609 870 2666 ποτ’
893 2595 923 2665 εἶ
942 2600 1016 2682 πρὸς
1038 2605 1097 2666 τῶν
1121 2602 1190 2667 θεῶν

238 2779 309 2842 iure
342 2799 404 2863 pro
438 2777 526 2844 ἀλλὰ
560 2800 603 2844 ex
637 2781 831 2845 Ravennate
869 2777 950 2861 ἀτὰρ
984 2781 1158 2846 ediderunt
1192 2782 1335 2847 editores
1369 2804 1416 2848 re·

240 2900 413 2964 centiores.

275 3044 381 3118 vesp.
399 3045 477 3119 675:

574 3167 705 3235 τούτοισι
729 3169 762 3235 δὲ
786 3169 983 3254 δωροφοροῦσι
1005 3208 1049 3220 -

283 3346 385 3430 Apud
414 3349 603 3433 posterioris
631 3351 705 3414 aevi
735 3351 909 3434 scriptores
937 3371 999 3434 pro
1030 3346 1205 3432 δωροφορεῖν
1240 3360 1413 3436 usurpatur

240 3469 426 3549 δωροδοκεῖν;
449 3469 490 3535 cf.
516 3470 623 3536 Cobet
646 3472 688 3537 V.
713 3470 764 3536 L'.
787 3493 820 3556 p.
846 3487 910 3553 347
934 3492 996 3555 sq.,
1022 3473 1063 3535 N.
1086 3472 1125 3536 L.
1150 3493 1182 3556 p.
1207 3485 1280 3554 502.
1327 3474 1415 3538 Hinc

240 3590 431 3672 δωροδοκοῦσι
453 3593 556 3658 habet
575 3594 615 3656 R.

274 3734 354 3796 Pae.
373 3736 451 3810 603:

611 3855 632 3925 ὦ
656 3860 834 3943 σοφώτατοι
856 3860 986 3943 γεωργοί
1005 3898 1050 3911 -

283 4039 338 4105 Sic
361 4060 476 4106 omnes
499 4040 648 4118 codices;
674 4041 763 4125 apud
777 4040 914 4105 Diodor.
932 4040 998 4106 Sic.
1016 4041 1079 4105 XII
1099 4056 1144 4120 40
1158 4060 1219 4122 pro
1236 4038 1413 4120 σοφώτατοι

238 4163 354 4227 citatur
376 4170 572 4244 λιπερνῆτεςς
595 4164 683 4229 idem
707 4162 786 4228 olim
808 4163 979 4246 legebatur
1002 4164 1036 4228 in
1059 4162 1182 4228 Cratini
1201 4161 1315 4245 Πυτίνῃ
1331 4165 1412 4228 etin

237 4305 333 4349 versu
356 4284 588 4362 Archiloche0‚
604 4306 704 4368 quem
720 4286 836 4350 imitati
852 4295 929 4350 sunt
943 4285 1185 4369 Aristophanes
1201 4294 1235 4350 et
1251 4285 1413 4351 Cratinus·

239 4405 329 4490 Quid
359 4408 494 4473 tandem
519 4429 653 4474 movere
676 4408 819 4493 potuerit
841 4383 1099 4492 Aristophanem
1122 4416 1159 4473 ut
1180 4429 1241 4491 pro
1268 4403 1289 4472 ὦ
1313 4422 1414 4492 tmep-

272 4632 292 4697 1)
308 4651 346 4700 m
363 4640 429 4685 recte
445 4633 575 4698 Hirschig.
