3434 5394
813 464 852 533 55

242 638 335 720 γέρον
369 637 422 703 καὶ
454 637 558 712 πολιὸς
592 637 647 712 rire
681 657 780 721 quern
815 638 882 701 iure
914 637 978 702 hac
1008 637 1051 702 de
1082 655 1181 700 causa
1207 634 1419 718 reprehendit

241 785 273 830 v.
307 762 471 844 Bamberg
498 762 551 846 (de
583 761 689 827 Codd.
714 762 744 826 R
767 770 802 826 et
825 761 857 824 V
879 782 914 844 p.
940 761 1003 844 36),
1034 759 1123 842 quod
1146 757 1360 843 Aristophani
1383 759 1416 822 in

241 883 365 948 deliciis
389 882 488 948 fuisse
509 884 638 949 videtur
662 882 839 964 παρθχερσες
863 880 918 945 illa
941 878 1034 962 γέρον
1058 879 1095 944 ὤν
1118 879 1171 966 (cf.
1196 880 1319 964 Equitt.
1342 894 1416 963 533,

240 1006 329 1071 Eccl.
355 1007 431 1092 323)
448 1007 479 1091 ¹).

286 1250 403 1316 Fusius
426 1251 661 1336 disputandum
685 1251 746 1316 erit
769 1250 811 1315 de
834 1255 915 1315 Pac.
944 1254 1011 1329 ὅτε.
1053 1248 1119 1331 Qui
1149 1267 1263 1312 versus
1286 1249 1332 1312 sic
1354 1255 1415 1312 tra·

239 1377 326 1440 ditus
348 1385 399 1440 est
421 1376 454 1439 in
477 1375 592 1439 codice
617 1375 659 1437 B:

441 1559 476 1626 ἴθε
499 1565 546 1625 νῦν
569 1559 733 1639 ἀποδῶμεν
756 1558 847 1635 τήνδε
873 1560 929 1634 τθρν
953 1557 1069 1640 θεωρίαν

439 1681 590 1747 ἀνύσαντε
612 1691 651 1765 τῇ
677 1681 775 1765 βουλῇ
799 1681 848 1755 τίς
870 1682 930 1746 ἐσθ’
948 1678 1045 1759 αύτνρ;
1072 1679 1107 1745 τθ
1127 1680 1206 1762 <Diffi

238 1863 324 1926 unde
348 1860 422 1927 dele
445 1861 505 1926 ἐσθ’
530 1871 573 1938 et,
590 1883 651 1946 pro
666 1858 745 1935 αὕτη
761 1862 919 1944 rescripto
935 1858 1035 1934 αὑτνθ,
1050 1859 1154 1924 habes
1174 1880 1287 1925 veram
1304 1858 1412 1923 lectio-

237 2003 313 2047 nem
338 2006 357 2048 a
380 1983 526 2049 Dobraeo
549 1985 750 2049 restitutam:

415 2168 450 2235 θθε
476 2175 525 2235 νῦν
548 2170 713 2249 ἀποδῶμεν
736 2171 829 2246 τήνδε
852 2171 908 2246 τὴν
932 2169 1049 2252 θεωρίαν

414 2290 566 2358 ἀνύσαντε
588 2302 628 2376 τῇ
652 2269 760 2374 βουλῇ.
784 2302 864 2358 ΟΙΚ.
888 2291 936 2368 τίς
959 2292 1065 2370 arira&
1090 2293 1122 2359 τθ
1145 2294 1224 2375 <Diu

173 2465 178 2474 ’
281 2473 318 2536 In
343 2473 537 2538 Ravennate
560 2472 679 2558 legitur
701 2470 853 2538 ἀνύσαντε
875 2480 914 2554 τῇ
935 2470 1033 2554 βουλῇ
1056 2471 1273 2547 ταντνρθ.ΘΕΡ.
1289 2469 1324 2535 τί
1337 2470 1412 2550 Φής,

1011 2585 1026 2635 θ’

237 2653 270 2715 in
296 2672 361 2734 qua
383 2652 525 2718 lectione
549 2650 662 2727 ταντνθ
682 2662 791 2717 ortum
815 2652 945 2716 videtur
968 2673 986 2716 e
1006 2649 1118 2726 ταὺτνθ
1131 2649 1191 2736 (τίς
1210 2647 1321 2734 etiarm).
1346 2650 1411 2714 Hic

234 2784 372 2840 metrum
396 2775 510 2840 addito
533 2799 563 2839 rr
586 2785 664 2859 post
687 2774 785 2856 βουλῇ
801 2775 940 2839 restituit
954 2772 1105 2849 Dindorf,
1122 2797 1153 2838 τε
1169 2793 1244 2838 curn
1259 2771 1411 2837 ἀνύσαντε

234 2897 499 2982 coniungendum
530 2918 687 2978 censens;
719 2918 819 2981 quem
849 2899 952 2962 secuti
987 2906 1062 2962 sunt
1096 2897 1205 2980 Bergk
1235 2905 1268 2962 et
1298 2893 1408 2978 Paley.

233 3021 335 3085 Recte
359 3030 470 3086 tamen
492 3043 523 3085 v.
548 3022 750 3087 Herwerden
773 3029 927 3085 annotat:
953 3040 1040 3097 „non
1063 3019 1132 3084 sero
1155 3018 1282 3083 voculae
1301 3040 1342 3094 τε,
1366 3018 1408 3082 ad

232 3136 383 3203 ἀνύσαντε
406 3139 608 3224 pertinentis,
632 3139 875 3224 hyperbaton.'’
900 3179 941 3190 -
966 3141 1115 3206 Venetus
1137 3139 1255 3205 habet:

364 3323 532 3398 ἀνύσαντες
554 3328 624 3412 (sic)
648 3335 687 3408 τῇ
710 3326 809 3410 βουλῇ
832 3351 863 3392 τε
885 3325 1021 3403 ταυτηνί.
1044 3334 1122 3391 ΟΙΚ.
1146 3325 1179 3391 τί
1199 3326 1272 3408 Φρθς,

231 3504 330 3588 idque
361 3503 528 3578 ἀνύσαντες
557 3507 590 3570 in
621 3504 773 3571 ἀνύσαντε
803 3515 930 3571 mutato
961 3508 1084 3590 recepit
1107 3505 1252 3582 Bekker;
1277 3506 1336 3569 sed
1359 3507 1405 3569 sic

231 3647 363 3710 quoque
394 3629 468 3692 loco
500 3649 566 3693 non
601 3637 679 3712 apto
702 3630 846 3712 positum
870 3639 920 3694 est
942 3649 988 3708 τες
1011 3638 1170 3713 praeterea
1192 3627 1407 3693 vehementer

233 3771 430 3784 *-

265 3832 285 3896 l)
303 3832 401 3883 Eadem
427 3848 502 3883 causa
527 3849 569 3882 me
594 3842 678 3883 movet
703 3842 730 3883 nt
747 3833 852 3884 arbitrer
867 3849 954 3883 verum
971 3833 1065 3883 vidisse
1082 3833 1245 3897 Blaydesium
1263 3831 1332 3881 Plut.
1355 3831 1405 3899 258

231 3915 317 3966 ούκονν
340 3916 400 3983 θρᾷς
424 3916 579 3979 ὁρμωμένους
596 3916 664 3979 ἡμᾶς
681 3917 764 3968 πάλοεε
781 3916 910 3981 προθύμως
924 3916 928 3985 Ι
943 3917 974 3976 ric
990 3917 1054 3976 εθκθς
1070 3915 1141 3968 ἐστιν
1157 3914 1267 3975 ἀσθενεῖς
1283 3913 1406 3977 γέροντας

231 3998 320 4064 ἀνδρας
344 3998 399 4058 δίδη,
424 4000 469 4050 ubi
495 4001 582 4051 scribit
608 4000 639 4059 ύς
665 4001 730 4058 εἰκὸς
748 4000 837 4064 ἀνδρας
853 3999 964 4058 ἀσθενεῖς
981 4000 1104 4063 γε’ροντοες
1119 3999 1194 4059 ’ὄντας
1210 3998 1264 4057 ἥδη,
1281 4000 1404 4065 quoniam

229 4081 287 4134 ἔστι
304 4085 332 4133 in
348 4084 372 4132 R
389 4083 510 4134 omissum
527 4093 576 4152 est;
592 4101 669 4151 quam
686 4093 770 4134 tamen
786 4100 887 4134 causam
905 4101 937 4134 ne
953 4085 1031 4134 nimis
1047 4099 1150 4148 gravem
1163 4099 1308 4134 censeamus
1317 4092 1405 4133 monet

230 4167 395 4217 omissionum
411 4168 439 4217 in
456 4169 604 4218 Ravennate
621 4168 769 4234 frequentin.
803 4167 948 4218 Meinelrius
965 4168 1098 4232 scripserat
1114 4164 1145 4224 ύς
1162 4166 1226 4225 sirie
1242 4163 1312 4216 ἔστιν
1329 4163 1403 4216 ἀσθε-

230 4251 279 4306 νεῖς
303 4248 426 4313 γέροντας
449 4248 525 4308 ’ὄντας
551 4249 611 4309 iiim
638 4268 690 4301 von
716 4253 843 4316 Bamberg
869 4250 913 4302 1.1.
932 4249 963 4308 ὥς
980 4249 1043 4308 εθκθς
1059 4249 1134 4308 ‘irrue
1152 4248 1263 4307 ἀσθενεῖς
1280 4248 1403 4313 γέροντας

229 4331 320 4394 ἀνδρας
336 4331 390 4390 ἤδη.

264 4415 346 4466 Aliter
362 4417 482 4467 sehabet
498 4419 595 4482 Equitt.
613 4417 676 4481 873:
695 4418 764 4480 κρίνον
782 4423 808 4466 τ’
825 4417 888 4468 θσοεν
904 4415 990 4481 ύγῷδοε
1007 4417 1064 4478 περὶ
1075 4418 1119 4466 τὸν
1131 4415 1207 4479 δῆμον
1217 4414 1283 4478 ἄνδρ’
1293 4415 1402 4479 ἀρεστον,

230 4499 274 4548 ubi
301 4515 347 4565 pro
374 4499 457 4562 ἀνδρα,
484 4501 554 4567 quod
579 4510 637 4567 post
661 4500 724 4550 θσοεν
741 4501 787 4563 (sic
805 4500 920 4566 Bentley,
936 4500 1012 4551 codri
1030 4501 1086 4551 θσον
1102 4499 1143 4549 vel
1160 4499 1217 4550 θσον
1234 4504 1263 4562 γ’
1280 4500 1320 4549 vel
1337 4499 1402 4564 θλον)

229 4582 302 4633 nulio
319 4583 397 4634 modo
414 4585 497 4635 omitti
513 4591 604 4654 potest,
619 4583 671 4635 ’ἀντ’
688 4585 783 4636 hebent
800 4599 888 4637 omnes
905 4584 1006 4635 codices
1022 4592 1111 4651 praeter
1128 4585 1310 4634 Ravennatem.
