3434 5394
879 514 923 594 46

311 720 389 764 nem
424 719 442 763 e
477 699 645 764 codicibus
679 707 756 763 ΕΖΦ
791 700 873 766 Mut
902 718 929 777 1,
961 700 1101 781 Bodl.4
1131 711 1326 785 receperunt
1348 701 1488 780 Teuffel,

310 820 416 898 Coen,
440 820 598 904 Blaydes:

446 1007 556 1091 Φήσεις
576 1005 754 1090 νομίζεσθαι
775 1032 814 1087 γε
838 1008 949 1084 suillo
972 1013 1062 1074 τοῦτο
1087 1007 1213 1091 τοῦργον
1235 1005 1320 1085 eluat,

310 1188 346 1252 in
368 1208 433 1272 qua
456 1208 524 1252 non
546 1187 705 1272 intellego
727 1189 807 1271 quid
831 1187 993 1272 significet
1015 1211 1064 1266 ys,
1087 1209 1148 1272 pro
1171 1209 1236 1272 qua
1252 1189 1370 1254 vocula
1390 1189 1491 1254 ceteri

312 1310 446 1374 codices
475 1309 602 1375 habent
625 1306 673 1374 σύ.
718 1309 797 1374 Alia
820 1311 908 1374 enim
932 1331 984 1375 res
1006 1320 1057 1375 est
1079 1312 1114 1375 in
1136 1331 1232 1375 versu
1256 1330 1355 1395 quem
1381 1310 1490 1376 conle-

310 1441 387 1496 runt
420 1433 502 1512 1185
526 1430 580 1496 ιιιιὶ
603 1430 929 1510 perscripseram,
952 1432 1009 1497 ubi
1033 1435 1066 1497 in
1088 1434 1295 1516 responsione
1317 1443 1491 1517 usurpatur

309 1554 480 1640 particula.
527 1555 679 1631 Accedit,
709 1555 800 1639 quod
829 1557 954 1638 optime
985 1555 1070 1620 inter
1100 1576 1137 1621 se
1160 1565 1373 1640 opponuntur
1396 1553 1432 1620 σύ
1455 1555 1489 1620 in

311 1698 360 1741 vs.
389 1677 473 1756 1416
496 1686 530 1740 et
552 1675 612 1752 ἐγὼ
638 1673 671 1740 δέ
695 1698 733 1753 γε
753 1678 788 1740 in
809 1697 857 1740 vs.
887 1692 980 1759 1417.

358 1798 479 1864 Similis
495 1807 547 1862 est
561 1799 644 1863 ratio
659 1803 747 1864 Avv.
765 1804 846 1876 1691,
863 1797 919 1862 ubi
935 1798 1109 1883 Neptunus
1125 1796 1271 1875 Herculi,
1287 1801 1344 1884 qui
1358 1821 1492 1866 carnem

310 1921 373 1986 sibi
396 1921 571 1986 assandam
593 1918 776 2003 relinquere
799 1921 829 1983 ei
852 1930 1078 2003 proposuerat,
1102 1922 1297 2004 respondet:
1322 1921 1424 2004 ὀπτᾷς
1449 1919 1492 1986 τὰ

311 2041 395 2124 epia,
418 2052 455 2106 ut
477 2064 497 2106 e
520 2043 635 2106 codice
651 2041 686 2106 A
701 2042 877 2107 ediderunt
893 2039 1013 2125 Bergk,
1029 2041 1193 2118 Meineke,
1205 2043 1357 2121 Dindors,
1375 2042 1491 2120 Kock;

311 2164 479 2248 flagitatur
511 2173 623 2227 tamen
657 2163 724 2227 sere
754 2182 939 2246 pronomen
968 2161 1144 2246 personale
1173 2164 1264 2246 quod
1293 2165 1426 2229 additur
1458 2165 1492 2229 in

314 2287 432 2350 ceteris
454 2286 633 2361 codicibus,
657 2286 712 2368 qui
727 2284 852 2349 habent
871 2283 907 2348 σὺ
932 2282 974 2348 τὰ
993 2281 1076 2364 κρέιι,
1092 2286 1181 2348 unde
1197 2294 1287 2350 recte
1304 2295 1339 2350 ut
1352 2287 1491 2362 videtur,

316 2408 479 2490 Blaydes:
511 2408 612 2489 ὀπτᾷς
640 2405 678 2469 σὺ
700 2404 782 2486 xpi.
828 2405 1037 2490 Quamquam
1063 2426 1171 2490 neque
1193 2407 1330 2472 articulo
1352 2407 1494 2474 libenter

315 2551 371 2594 me
394 2549 504 2594 carere
526 2530 689 2592 affirmare
713 2531 826 2594 ausim.

361 2709 470 2772 Minus
493 2709 592 2772 etiam
615 2707 803 2789 frequentes
823 2716 899 2772 sunt
913 2727 1027 2772 versus
1042 2707 1076 2772 in
1091 2707 1209 2790 quibus
1225 2708 1330 2772 eiecto
1346 2710 1493 2792 genitivo

315 2831 522 2915 pronominis
545 2829 724 2912 personalis
739 2829 841 2912 ipsius
857 2827 1092 2911 Aristophanis
1110 2849 1244 2892 manum
1260 2831 1384 2894 restitui
1399 2840 1491 2914 puto.

317 2953 477 3017 Attamen
501 2972 542 3014 ne
565 2951 598 3014 hi
622 2951 755 3033 quidem
772 2951 901 3014 desunt.
926 2949 980 3014 Sic
1003 2955 1108 3015 Nubb.
1126 2957 1200 3028 1169
1215 2951 1247 3014 in
1273 2951 1337 3015 VR
1356 2951 1492 3036 legitur:

316 3071 403 3138 ἄπιθι
422 3072 529 3151 λαβὼν
553 3072 605 3137 τὸν
624 3069 683 3135 υἱόν
706 3095 767 3147 σου,
791 3093 834 3136 ex
858 3072 979 3155 quibus
1001 3073 1072 3136 eice
1091 3069 1126 3136 el
1150 3094 1201 3136 σου
1218 3081 1253 3136 et
1267 3073 1371 3137 habes
1386 3073 1497 3138 lectio·

318 3216 395 3259 nem
420 3217 440 3259 a
463 3195 616 3278 Bergkio,
641 3193 816 3269 Meinekio,
840 3193 1012 3270 Teuffelio,
1037 3193 1173 3269 Coenio,
1202 3194 1385 3270 Dindorfm,
1410 3195 1497 3258 Ksh-

317 3317 398 3391 lero,
422 3316 563 3389 Kockio,
588 3316 786 3379 Leeuwenio
809 3324 989 3398 receptam.
1024 3315 1060 3379 In
1084 3317 1202 3381 ceteris
1224 3337 1304 3382 vero
1327 3315 1496 3380 codicibus

317 3438 438 3521 legitur
461 3438 506 3500 nil
529 3437 590 3499 nisi
613 3433 698 3501 ἄπιθι
719 3434 756 3500 σὺ
781 3434 899 3514 λαβὼν,
919 3436 952 3501 in
975 3437 1093 3519 quibus
1110 3436 1314 3501 desideratur
1329 3437 1496 3502 obiectum

318 3570 353 3624 et
375 3560 524 3624 abundat
546 3579 730 3641 pronomen
754 3557 808 3634 σός
837 3560 913 3623 hinc
935 3567 1047 3623 tamen
1070 3560 1103 3622 in
1126 3559 1197 3623 Par.
1223 3575 1239 3639 3
1265 3560 1421 3622 traditum
1444 3568 1498 3623 est

318 3677 404 3744 aierit
427 3677 606 3756 συλλαβών,
630 3681 721 3763 quod
745 3681 927 3764 probarunt
949 3681 1121 3744 Hermann
1143 3690 1178 3745 et
1200 3679 1328 3746 Schnee
1350 3681 1390 3765 (a.
1412 3681 1498 3764 1876

317 3822 352 3885 p.
384 3804 455 3886 45);
492 3822 559 3867 non
595 3811 684 3866 recte
716 3803 776 3866 nisi
808 3801 911 3878 fallor,
942 3801 1006 3866 hoc
1029 3802 1116 3866 enim
1147 3800 1346 3885 significaret
1376 3803 1498 3880 „mani-

317 3925 380 3988 bus
417 3925 660 4008 adprehensum
702 3933 811 3988 tecum
853 3926 916 3988 duc
952 3923 1111 4007 (filium)‘’,
1146 3944 1222 3989 cum
1250 3923 1358 3988 solum
1391 3925 1499 4008 requi·

504 4157 599 4221 ἐχάρην
616 4162 680 4223 γοῦν
696 4161 730 4224 τῇ
749 4159 801 4223 νίκῃ
818 4156 931 4217 ἀκούσας
947 4159 1017 4220 παρὰ
1034 4156 1138 4220 Δαρείου
1156 4156 1297 4214 τεθνεῶτος.

351 4281 444 4332 Parum
461 4289 546 4332 tamen
564 4282 711 4334 satisficiunt
728 4297 786 4348 quae
803 4282 929 4347 rescripsit
945 4282 1061 4332 Brunck:

453 4400 481 4458 liv
497 4399 594 4462 ’ίχομιν
611 4399 674 4468 ὁδόν,
691 4376 770 4461 λέγον
787 4397 905 4462 lineum,
922 4398 1001 4462 xilva
1017 4416 1048 4449 τι
1066 4403 1120 4458 νοῦς
1137 4397 1214 4456 αὐτὸς
1229 4396 1288 4460 ’ixa
1305 4413 1347 4460 γι,

319 4513 361 4564 vel
378 4529 434 4580 quae
451 4516 593 4580 Reisigius:

471 4615 498 4673 llv
514 4614 611 4676 ’ἔχομεν
629 4612 730 4666 τοιῶνδε
748 4617 833 4679 λόγων
850 4613 959 4677 (lanum
976 4614 1015 4666 dc'
1033 4613 1064 4664 liu
1081 4613 1158 4673 αὗτός
1174 4612 1232 4676 ’lxta
1251 4616 1311 4671 vole.
