3434 5394
728 503 763 572 ¹5

160 676 244 758 φόροι
278 677 413 742 obvium
448 684 499 739 est
532 675 616 740 Ran.
649 692 735 760 4973
770 678 878 760 ipsum
908 681 1098 758 σκενοφορεῖν
1128 678 1155 741 si
1178 687 1334 754 exstaret,

158 799 357 864 substantivo
382 796 485 874 σκευή,
513 818 581 862 σοιν
605 801 710 871 σκεῦος
732 799 876 882 priorem
898 819 993 863 suam
1016 809 1147 882 partem
1162 809 1334 884 acceptam

157 920 296 998 referret,
321 921 407 984 sicut
432 921 711 1000 erapousmanil,
733 920 825 1002 quod
848 920 969 1004 legitur
995 920 1129 986 Thesm.
1155 922 1232 1000 448,
1255 922 1336 1002 quin

156 1063 175 1107 a
204 1041 368 1107 vocabulo
403 1040 545 1122 στεφοινή
580 1042 762 1106 deductum
794 1043 837 1106 sit
866 1043 1009 1108 dubitari
1044 1063 1110 1107 non
1139 1052 1267 1128 potest;
1291 1042 1333 1107 cs.

156 1166 253 1230 modo
275 1185 395 1229 -voces
434 1165 670 1244 στεφοοννρφορῶ,
707 1162 953 1244 στεφοινκφορΙοο,
985 1162 1219 1246 στεφανηφόρος
1234 1165 1266 1248 ¹).
1291 1202 1333 1212 —

156 1287 221 1354 Sed
254 1289 352 1354 variis
387 1287 494 1352 modis
528 1286 593 1351 hoc
628 1285 779 1352 scholion
802 1288 836 1351 in
864 1289 984 1354 senarii
1017 1287 1155 1352 sormam
1182 1288 1336 1371 redigere

156 1411 261 1474 conati
291 1418 368 1474 sunt
397 1409 532 1474 librarii:
565 1408 619 1472 alii
651 1411 881 1490 σκενοφοροῦσιν
913 1412 946 1474 in
970 1406 1062 1483 σκεύη
1086 1407 1210 1491 φέρουσι
1233 1418 1334 1474 muta·

155 1542 235 1608 runt,
280 1531 334 1596 alii
376 1532 410 1596 in
448 1533 672 1612 σκενκφοροῦσι,
706 1531 760 1595 alii
791 1533 824 1595 in
857 1530 947 1606 σκεύη
979 1534 1119 1612 φοροῦσι;
1150 1532 1268 1596 deinde
1299 1534 1332 1596 in

154 1654 365 1736 sequentibus
388 1652 557 1717 articulum
580 1659 630 1734 τῇ,
654 1653 709 1735 qui
733 1653 823 1717 nullo
846 1654 947 1717 modo
971 1655 1079 1718 omitti
1100 1663 1220 1737 potest,
1238 1654 1334 1717 metri

154 1795 250 1839 causa
284 1775 475 1850 reiecerunt,
510 1775 603 1838 cuius
638 1771 905 1855 τοιριιδιοροῶσεως
938 1775 1115 1858 vestigium
1150 1776 1183 1838 in
1217 1777 1335 1839 codice

156 1896 348 1961 Rauennate
370 1896 477 1960 adhuc
501 1905 658 1980 superest.
689 1895 755 1960 Vel
769 1897 913 1960 maxime
927 1905 1038 1960 autem
1054 1896 1118 1960 hoc
1138 1905 1335 1980 argumento

154 2019 286 2101 probari
308 2027 419 2102 potest
441 2017 614 2082 insiticium
638 2038 711 2082 esse
733 2017 821 2081 hunc
843 2039 986 2094 versum,
1011 2019 1103 2101 quod
1126 2039 1192 2082 non
1211 2018 1332 2102 legisse

155 2159 229 2203 eum
252 2140 383 2205 videtur
405 2139 590 2215 scholiasta,
614 2141 669 2222 qui
693 2140 736 2203 ad
751 2161 799 2204 vs.
821 2156 859 2220 13
875 2143 1061 2204 annotavit:
1080 2139 1335 2221 ,,τοιροιλει’σετοιι

155 2253 203 2324 οὖν
223 2258 340 2326 οὶκούειν
362 2260 474 2333 dunois
496 2255 533 2325 ὧν
556 2255 636 2325 οὗτοι
658 2259 775 2326 sinitaut
799 2267 900 2334 τοιεῖν,
924 2283 995 2338 „we
1012 2284 1068 2327 are
1085 2272 1142 2327 not
1157 2262 1228 2328 told
1244 2264 1277 2327 in
1293 2283 1333 2327 so

153 2402 255 2463 many
277 2383 384 2446 words
407 2382 495 2447 what
513 2382 608 2447 these
626 2392 724 2467 poets
741 2403 796 2447 are
812 2385 1024 2448 accustomed
1040 2395 1075 2448 to
1092 2385 1168 2460 do‚'’
1186 2394 1223 2448 ut
1237 2386 1336 2449 vertit

153 2503 353 2568 Ruthersord
368 2503 401 2588 ²),
424 2505 516 2568 cuius
533 2503 616 2568 haec
632 2514 684 2569 est
698 2507 786 2570 veris
793 2507 875 2570 sima
886 2507 1084 2570 observatio.
1097 2543 1140 2554 -
1152 2507 1336 2572 Videamus

154 2646 241 2690 nunc
263 2627 432 2709 quomodo
451 2627 620 2712 vulgatam
636 2627 813 2692 lectionem
829 2629 1006 2692 emendare
1022 2629 1131 2692 conati
1148 2629 1214 2692 sint
1230 2629 1332 2692 edito-

151 2769 205 2813 res
217 2748 374 2813 nonnulli.
399 2749 594 2831 Blaydesius
605 2749 702 2833 legit:
718 2749 742 2814 οἱ
754 2751 965 2831 σκενοφοροῦσ’
980 2747 1124 2814 ἑκάστοτ’
1138 2749 1168 2812 ἐν
1179 2747 1335 2832 supputa,

152 2871 219 2935 hoc
250 2890 364 2935 sensu:
394 2873 470 2953 „qui
502 2871 681 2935 identidem
712 2873 746 2935 in
776 2872 942 2935 comoedia
965 2871 1150 2935 baiulantes
1174 2872 1332 2934 inducunt

151 2992 306 3068 servos;”
335 2993 394 3057 sed
417 2994 545 3056 etiamsi
565 2995 777 3075 σκενοφοροῦσι
801 3014 860 3077 per
883 2996 1142 3075 σκευοφοροῦντας
1161 2990 1334 3069 εἰσάγουσιν

150 3113 309 3198 explicari
330 3135 429 3198 posse
453 3116 483 3179 ei
507 3115 737 3190 concedamus,
761 3117 853 3197 quod
876 3135 944 3177 non
968 3116 1028 3178 nisi
1051 3114 1239 3178 scholiastae
1254 3133 1332 3177 auc·

150 3237 286 3300 toritate
316 3237 437 3312 nititur,
467 3245 578 3300 tamen
601 3237 680 3319 quin
703 3238 831 3320 spurius
854 3238 896 3300 sit
918 3257 1032 3300 versus
1054 3246 1123 3300 tam
1146 3235 1334 3318 languidus

149 3359 291 3422 dubium
310 3377 376 3421 non
396 3366 462 3434 est;
476 3359 565 3440 quod
578 3378 619 3423 ne
632 3359 738 3442 ipsum
751 3358 884 3441 quidem
897 3357 1109 3440 Blaydesium
1121 3357 1214 3442 sugit.
1239 3356 1333 3420 Idem

149 3479 243 3543 valet
255 3480 297 3544 de
309 3479 475 3544 Fritzschii
487 3481 675 3545 coniectura
687 3477 759 3554 τοὺς
768 3477 968 3560 σκευοφόρους
979 3475 1123 3544 ἑκάστοτ’
1133 3479 1162 3542 ἐν
1170 3475 1333 3561 nonnata:

149 3601 408 3684 explicationem
436 3602 519 3667 haec
549 3604 734 3680 admittunt,
759 3603 819 3666 sed
842 3601 1067 3685 Aristophane
1088 3603 1224 3686 indigna
1246 3611 1333 3666 sunt.

148 3723 290 3787 Minime
324 3722 404 3787 mihi
437 3725 559 3789 deinde
588 3725 696 3809 placet
725 3726 817 3808 quod
847 3761 891 3773 -
921 3725 1110 3789 dubitanter
1132 3726 1266 3807 quidem
1290 3762 1333 3772 —

147 3845 327 3928 proposuit
356 3866 423 3910 von
456 3847 597 3912 Velsen:
630 3845 745 3925 „sustin
777 3847 847 3911 τοτ’
880 3847 905 3911 εἶ
934 3845 1073 3928 φέρουσιν
1097 3846 1127 3909 ἐν
1149 3844 1330 3929 counito?
1377 3903 1387 3925 ,

146 3967 241 4031 istud
261 3967 332 4031 τοτ’
354 3966 380 4032 εἴ
398 3988 461 4051 pro
479 3965 509 4034 si
523 3991 600 4033 τοτε
620 3969 700 4033 mihi
719 3991 760 4034 ne
780 3968 933 4034 Graeeum
948 3970 1083 4051 quidem
1103 3969 1332 4047 essevidetur;

182 4252 205 4314 1)
223 4253 283 4302 Hoc
307 4268 360 4302 non
385 4253 469 4303 solum
484 4253 622 4319 Hippolyti
644 4253 780 4319 Euripidei
805 4269 950 4319 cognomen
973 4261 1018 4320 est,
1036 4254 1082 4303 sed
1099 4254 1176 4303 etism
1193 4254 1285 4319 saepius
1303 4254 1331 4303 in

146 4336 364 4402 inscriptionibus
389 4337 509 4404 oocurrit3
535 4337 572 4387 sic
598 4337 624 4387 in
651 4337 738 4402 lapide
764 4338 832 4402 apud
857 4338 972 4387 Dittenb.
997 4336 1103 4402 Sylloge
1129 4338 1179 4387 No.
1206 4347 1237 4400 77
1263 4337 1281 4386 l.
1308 4350 1333 4388 2.

67 4445 70 4476 ρ
142 4419 306 4470 Iasiensium
322 4421 478 4483 magistratus
496 4421 684 4482 στεφανηφόρος
698 4421 798 4471 dicitur.

67 4523 73 4600 l

68 4603 74 4640 ι

68 4685 77 4726 ο

182 4502 208 4566 2)
227 4501 331 4552 Scholia
360 4503 621 4567 Aristophanicn....
648 4504 780 4570 arranged,
806 4504 932 4554 emended
955 4489 1092 4553 translated
1108 4505 1143 4567 by
1168 4505 1282 4553 William
1301 4505 1333 4555 Gi

143 4586 356 4654 Ruthersord1‚
374 4587 407 4637 11.
433 4587 553 4653 Lond0n‚
569 4587 718 4636 Mncmillan
735 4586 787 4637 and
804 4586 859 4654 Co,
880 4585 951 4653 1896.
