3444 5396
939 482 984 548 94

368 673 410 717 ne
435 653 568 718 nimium
586 651 767 718 tribuamus
782 651 916 718 lectioni
931 673 1006 736 quae
1021 653 1054 717 in
1071 652 1104 717 V
1119 661 1154 718 et
1168 653 1278 718 multis
1295 652 1365 718 aliis
1385 652 1549 716 invenitur

370 771 419 840 ἴνιι
441 782 477 853 μ’
498 771 672 856 ἐκδιδάξρς,
696 797 796 860 quam
827 785 1023 860 receperunt
1054 775 1225 842 Hermann
1248 784 1282 840 et
1309 774 1431 859 Bergk;
1465 795 1551 839 neve

367 897 582 963 assentiamur
612 895 788 979 Blaydesio
821 899 1009 964 annotanti:
1044 898 1171 976 „multo
1194 896 1399 983 probabilius
1421 897 1550 961 videtur

369 1020 405 1096 μ’
438 1017 600 1101 ἐκδιδάξγς
629 1021 664 1084 in
694 1043 736 1098 με
765 1017 893 1101 διδάξιις
922 1020 1042 1085 abiisse
1073 1041 1173 1104 quam
1196 1017 1261 1083 hoc
1289 1021 1323 1084 in
1347 1018 1464 1094 illud”;
1490 1018 1550 1081 sed

370 1162 471 1206 unum
500 1143 737 1226 expendamus,
760 1141 840 1225 quid
862 1140 927 1206 loci
950 1141 1041 1207 color
1064 1141 1220 1226 postulet.
1267 1142 1417 1207 Verbum
1440 1150 1550 1206 autem

369 1259 556 1328 ἐκδιδάσκειν
587 1263 613 1326 si
645 1261 823 1348 significat:
854 1262 1030 1339 „docendo
1052 1262 1228 1328 informare
1251 1263 1389 1328 alicuius
1411 1262 1551 1327 hominis

365 1385 531 1450 indolem”
549 1384 569 1470 ¹)
592 1385 647 1450 vel
679 1384 744 1462 „ad
777 1382 877 1448 finem
909 1404 1014 1468 usqne
1045 1386 1176 1462 docere,
1207 1386 1380 1449 certiorem
1409 1383 1548 1460 lacere,”

368 1509 402 1572 in
426 1507 679 1591 uniuscuiusque
701 1527 759 1572 ore
783 1515 897 1590 aptum
921 1516 990 1586 est·,
1013 1507 1055 1572 cl.
1078 1527 1107 1572 e.
1131 1529 1164 1591 g.
1189 1507 1274 1572 Rau.
1303 1525 1403 1588 1019:

455 1709 508 1776 καὶ
531 1710 565 1776 rl
585 1711 623 1777 σὺ
648 1709 764 1794 δράσσις
788 1708 881 1785 οὕτως
903 1711 1015 1787 αὐτοὺς
1038 1711 1191 1789 γεννσιίσνς
1214 1711 1443 1799 ἕξεδιδιιξσις’),

367 1907 522 1992 Thucyd.
546 1909 594 1972 Vl
620 1911 663 1974 80
685 1909 705 1996 fi
729 1927 766 1992 3:
793 1905 968 1982 συνελόντες
988 1931 1024 1973 σε
1040 1905 1173 1986 λέγομεν
1189 1906 1376 1974 ἐκδιδάσκειν
1392 1909 1450 1989 μὲν
1466 1909 1545 1975 οὐδὲν

368 2027 453 2114 ἔργον
484 2023 559 2097 εἶναι
588 2036 700 2115 σιιφῶς
730 2028 788 2097 οὔδ’
821 2031 903 2112 ὑμᾶς
937 2027 1007 2095 οὔτε
1041 2029 1113 2104 τοὺς
1147 2027 1263 2104 ἄλλους
1295 2031 1363 2113 περὶ
1392 2027 1430 2098 ὦν
1465 2031 1549 2100 αὐτοὶ

366 2152 451 2220 οὐδὲν
481 2159 582 2236 χεΐρσν
611 2153 810 2234 γιγνώσκετε.
856 2155 894 2218 ln
924 2155 1050 2239 tragico
1079 2175 1159 2220 vero
1190 2175 1342 2220 sermone
1376 2156 1457 2222 nihil
1487 2177 1549 2222 am-

367 2275 454 2361 plius
497 2276 660 2362 significat
699 2297 799 2360 quam
843 2276 985 2359 simplex
1023 2273 1174 2342 διδάσκειν
1201 2277 1234 2363 ⁸),
1273 2279 1365 2362 quod
1415 2279 1546 2364 egregie

369 2400 574 2466 demonstrat
608 2399 731 2466 Aesch.
768 2399 931 2464 Prometh.
961 2400 1044 2481 981:
1083 2402 1158 2464 ἀλλ’
1202 2396 1373 2466 ἐκδιδάσκει
1412 2399 1500 2466 πάνθ’
1532 2399 1547 2466 δ

370 2517 530 2603 γηράσκων
553 2520 661 2604 χρόνος
684 2521 822 2588 collatus
845 2543 920 2587 cum
944 2521 1047 2607 Soph.
1072 2522 1109 2586 fr.
1128 2523 1192 2604 586
1208 2523 1274 2608 (D.)
1293 2530 1392 2604 γῆράς
1412 2521 1543 2589 διδάσκει

367 2641 474 2710 πάντας
507 2643 560 2708 κιιδ
596 2641 705 2726 χρόνον
738 2643 842 2725 τριβή,
877 2645 931 2709 vel
966 2665 1040 2709 curn
1075 2645 1152 2708 Eur.
1189 2644 1227 2708 fr.
1263 2661 1339 2726 293,
1373 2662 1389 2726 3
1429 2645 1443 2708 ὃ
1482 2643 1539 2725 γάρ

369 2763 477 2848 χρόνος
499 2763 645 2845 δίδαγμα
668 2765 890 2832 πνικιλάτιιτσν
906 2767 945 2852 ⁴);
976 2766 1018 2831 cf.
1050 2775 1084 2831 et
1109 2765 1209 2831 Arist
1233 2767 1316 2832 Rau.
1334 2766 1377 2846 64
1393 2767 1451 2852 (=
1468 2769 1542 2832 Eur.

368 2887 406 2954 fr.
442 2890 529 2974 763),
575 2888 659 2954 1026
693 2890 760 2974 (ubi
798 2893 943 2970 τρσινικῶς
983 2888 1127 2972 loquitur
1171 2887 1381 2973 Aeschylus),
1425 2888 1543 2954 Aesch.

372 3011 479 3076 Prom.
502 3011 580 3094 698,
611 3011 713 3097 Soph.
742 3012 859 3098 Antig.
884 3015 960 3093 298,
985 3011 1028 3078 0.
1050 3012 1088 3076 R.
1114 3014 1166 3094 38,
1194 3027 1289 3094 1370,
1326 3011 1448 3077 Electr.
1473 3012 1545 3088 621,

371 3131 490 3200 Traeh.
514 3151 591 3216 934,
619 3149 713 3218 1245,
733 3133 868 3200 Philoct.
891 3134 976 3216 436;
1000 3134 1079 3199 Eur.
1103 3134 1194 3199 Med.
1212 3133 1287 3216 296.
1312 3134 1436 3198 Nostro
1453 3135 1548 3220 igitur

371 3255 457 3334 loco,
485 3258 641 3342 quoniam
666 3277 772 3340 neque
794 3257 909 3340 tragici
932 3257 1091 3322 sermonis
1114 3256 1255 3322 imitatio
1277 3265 1337 3333 est,
1362 3276 1471 3339 neque
1499 3278 1544 3321 eae

372 3399 454 3464 quas
488 3398 587 3462 supra
609 3380 767 3463 proposui
800 3379 1008 3463 requiruntur
1030 3378 1297 3464 significationes,
1326 3379 1547 3463 recipiendum

373 3509 424 3568 est
449 3499 485 3566 κδ
514 3497 651 3584 διδάξῃς.

377 3673 573 3686 ——n—

404 3771 424 3836 1)
440 3771 482 3822 De
506 3785 557 3838 qus
579 3769 765 3836 significatione
794 3770 855 3822 vide
874 3785 931 3837 qun
948 3786 1025 3838 supra
1040 3785 1100 3836 pag.
1121 3780 1150 3834 17
1168 3768 1301 3820 observavi
1318 3769 1351 3818 de
1368 3769 1448 3820 verbo
1468 3767 1549 3832 ἔκσρέ·

370 3861 426 3920 φιιν
441 3883 475 3894 -
491 3854 562 3906 cuius
588 3854 671 3906 torma
695 3851 826 3918 διιτρδφνις
852 3854 880 3904 in
904 3853 929 3903 V
954 3861 979 3904 et
996 3853 1081 3904 multis
1098 3853 1157 3902 aliis
1173 3859 1253 3902 metro
1270 3852 1446 3918 sententiaque
1465 3852 1550 3902 invitis

371 3954 418 4008 pm
436 3935 537 4004 ςρδφκις
552 3937 646 4004 legitur
662 3937 747 3990 Ννδδ.
767 3936 841 3990 1208.

404 4022 425 4086 δ)
442 4021 494 4072 llic
510 4027 596 4072 sutem
612 4021 637 4072 R
653 4029 678 4072 et
694 4021 767 4072 multi
784 4021 829 4071 alli
846 4019 941 4072 babent
958 4017 1087 4083 ἔδιδιξκςς
1105 4017 1231 4082 έξέδσιξσις
1247 4025 1286 4068 est
1302 4017 1330 4067 in
1346 4019 1378 4069 V.

404 4104 426 4170 θ)
444 4103 486 4156 Cl.
510 4121 535 4156 ν.
561 4103 732 4156 Wllamowitz
750 4103 792 4156 erl.
810 4103 871 4154 Eur.
888 4105 966 4154 Here.
987 4113 1032 4169 155
1050 4103 1108 4166 (En
1116 4103 1150 4169 11,
1166 4101 1241 4152 Turn.
1249 4101 1275 4151 Il
1286 4117 1345 4168 pag.
1354 4104 1410 4164 41):
1428 4103 1550 4169 „libemus

370 4186 456 4254 bllutip
473 4185 532 4238 slnrl
549 4187 585 4238 lm
601 4187 690 4238 mame
706 4187 750 4238 (lle
766 4187 890 4254 belspiele
907 4201 960 4236 von
977 4187 1080 4252 sterben,
1097 4185 1140 4234 die
1157 4185 1226 4234 ohne
1250 4192 1444 4234 nennenswerte
1461 4186 1550 4251 steige·

370 4285 438 4338 mun
456 4269 502 4322 rler
526 4269 674 4338 bedeutunn
698 4271 742 4322 ein
767 4267 794 4336 δε
811 4269 934 4338 erbelten,
950 4267 1074 4335 ledlglleh
1091 4283 1135 4318 urn
1151 4267 1313 4332 klnngvoller
1329 4268 1384 4317 und
1400 4270 1550 4319 vomehmer

373 4369 404 4408 ru
425 4351 547 4406 wlrlreu.”

401 4437 423 4502 ⁴)
442 4435 502 4490 Nou
527 4435 611 4490 ullum
635 4443 722 4506 aptum
750 4437 895 4506 exemplum
920 4443 957 4488 est
974 4435 1053 4504 Soph.
1079 4435 1172 4488 Electr-
1198 4445 1248 4500 395
1265 4451 1312 4501 sq,
1328 4435 1374 4484 nbi
1391 4435 1426 4484 ad
1443 4435 1547 4485 Electrae

371 4521 458 4574 rerbst
487 4517 522 4586 lul
549 4521 577 4585 ρι·
604 4517 740 4574 δκδιδισκν
758 4523 812 4580 κοῖς
828 4523 910 4584 Φίλοις
926 4517 988 4572 eber
1005 4517 1092 4578 usis,
1110 4519 1302 4584 Chrysothemis
1317 4519 1471 4584 respondet:
1490 4517 1549 4568 ern

371 4603 398 4660 νδ
416 4601 535 4656 διδάσκω·
553 4603 607 4664 erle
624 4605 745 4668 κρατοῦσι
764 4602 786 4656 δ’
804 4601 916 4658 ulmus.
