3434 5394
782 534 823 601 45

262 705 328 769 Diu
352 705 470 771 dubius
492 705 584 770 haesi
608 705 650 770 de
674 710 778 771 Nubb.
792 711 869 770 1116:

349 890 420 964 τοὺς
441 890 547 973 κριτὰς
568 881 590 956 ri
612 890 811 973 κερδανοῦσιν,
835 889 869 966 ἥν
892 913 922 955 τι
945 888 1032 955 τόνδε
1054 889 1106 956 εῖν
1130 890 1220 973 χορὸν

354 1015 495 1096 ὠφελεῖν
520 1013 554 1078 εἰι
576 1018 635 1078 τῶν
658 1011 787 1090 δικιιῖιεν,
811 1010 996 1092 βουλόμεσθ’
1020 1012 1092 1093 ὑμῖν
1115 1011 1254 1097 &prinum

215 1192 272 1257 ubi
295 1193 384 1271 ἡμεῖς
406 1213 467 1276 pro
490 1191 561 1270 ὑμῖν
584 1212 604 1256 e
625 1191 795 1256 codicibus
822 1191 853 1254 R
876 1200 910 1256 et
933 1191 966 1256 V
988 1192 1223 1276 rescripserunt
1250 1194 1395 1260 editores

214 1323 290 1397 post
312 1313 540 1378 Hermannum
563 1323 682 1398 praeter
705 1313 938 1378 Leeuwenium
961 1315 1073 1379 ceteri.
1097 1313 1266 1398 Quoniam
1283 1325 1395 1381 tamen

214 1436 249 1500 in
271 1436 421 1520 sequenti
444 1455 540 1501 versu
564 1437 673 1500 statim
697 1455 813 1500 omnes
836 1444 1038 1519 spectatores
1062 1435 1237 1520 alloquitur
1266 1437 1397 1513 chorus,

214 1577 282 1621 non
308 1530 397 1622 solos
428 1557 562 1633 iudices,
586 1556 791 1641 probabilius
813 1555 892 1620 mihi
915 1565 967 1620 est
996 1559 1170 1623 transitum
1194 1559 1302 1642 parari
1325 1580 1398 1643 pro·

215 1679 347 1743 nomine
369 1678 450 1756 ὑμῖν,
474 1687 508 1743 et
529 1677 619 1754 ἡμεῖς
641 1678 740 1762 igitur
763 1676 937 1762 glossatori
960 1679 1085 1744 deberi.

264 1922 357 1987 Duos
387 1931 499 1987 tamen
529 1920 683 1986 indicabo
712 1921 814 1998 locos,
838 1921 895 1986 ubi
919 1922 989 1994 nisi,
1004 1922 1109 2000 fallor,
1136 1935 1272 2009 praestat
1294 1927 1396 1991 nomi·

222 2045 366 2110 nativum
389 2045 591 2127 pronominis
615 2045 766 2110 retinere.
814 2045 899 2109 Nam
921 2049 1029 2112 Nubb.
1047 2053 1117 2127 1416
1136 2048 1157 2133 ¹)
1179 2049 1266 2113 hanc
1289 2049 1399 2115 lectio-

254 2324 274 2390 1)
290 2326 476 2377 Praecedentem
493 2325 621 2376 senarium
637 2323 744 2375 andoure
762 2322 861 2392 ιιοιῖδες,
879 2323 981 2388 scripu
999 2323 1021 2376 δ’
1031 2323 1059 2376 εὔ
1079 2325 1166 2376 κλείειν
1177 2324 1396 2385 δοκεῖςςιεεενωε-

218 2411 265 2460 tris
289 2411 465 2476 interpositum
489 2425 557 2474 aegre
583 2408 690 2460 serentes
715 2409 814 2458 librarii
831 2409 876 2458 olii
893 2409 966 2460 aliter
986 2409 1104 2474 supplere
1120 2410 1207 2460 conati
1223 2418 1295 2477 sunt;
1312 2412 1349 2461 sic
1366 2412 1395 2462 in

219 2494 277 2544 aliis
302 2493 437 2544 codicibus
461 2493 563 2543 additur
586 2493 630 2550 τῖε
655 2489 694 2550 δή,
720 2493 748 2542 in
773 2493 832 2542 aliis
857 2492 899 2551 τινὶ
926 2511 952 2542 τι
979 2491 1017 2551 δή,
1035 2494 1063 2542 in
1080 2493 1139 2543 aliis
1155 2493 1267 2560 denique
1284 2493 1340 2553 δεινὶ
1358 2493 1397 2554 δή.

219 2577 360 2644 Aptissime
385 2577 441 2627 haec
465 2577 584 2626 omittunt
608 2576 702 2644 Bergk,
727 2576 835 2643 Teuffel,
852 2577 933 2644 Coen,
954 2576 1075 2644 Diodori,
1091 2576 1196 2644 thler,
1213 2577 1296 2627 Koelr.
1331 2578 1400 2628 Nam

217 2661 241 2712 si
257 2676 311 2710 rem
327 2676 374 2726 per
389 2675 417 2710 se
433 2668 583 2726 spectamus,
600 2659 663 2725 quid
679 2660 763 2709 obstat
779 2659 915 2724 quominus
933 2659 998 2709 inter
1011 2660 1156 2710 octonarios
1165 2661 1279 2710 senarius
1288 2660 1396 2711 insertus

217 2745 258 2811 sit,
275 2743 347 2794 cuius
364 2742 481 2793 festivam
497 2742 631 2808 parodiam
648 2743 733 2808 quivis
749 2749 875 2808 spectator
891 2742 974 2791 statim
991 2741 1163 2806 intellegeret?
1198 2741 1281 2809 Nihil,
1297 2743 1399 2810 opinor,

218 2827 265 2878 sed
280 2826 379 2876 librarii
394 2842 460 2891 quos
476 2826 526 2875 hoc
543 2825 650 2876 offendit
663 2826 747 2875 varias
764 2826 871 2886 εεειβῖιε
882 2825 1040 2875 addiderunt.
1073 2827 1165 2891 Neque
1174 2825 1228 2876 iure
1236 2827 1400 2878 Hermannus

219 2918 244 2961 et
273 2909 418 2960 Meinelrius
448 2909 547 2960 lacunae
572 2909 675 2973 signum
700 2915 847 2975 posuerunt,
864 2907 984 2976 Cobetus‚
1001 2910 1198 2977 Herwerdenus,
1220 2909 1399 2978 Schneiderus,

217 2993 386 3044 Leeuwenius
412 3007 459 3042 sno
484 2999 564 3042 marte
589 3007 689 3042 versum
713 2991 815 3057 explere
834 2993 918 3041 conati
935 2999 1001 3042 sunt.
1034 2991 1185 3057 Blaydesius
1202 2999 1282 3042 toturn
1298 3008 1399 3044 versum

217 3076 297 3144 delet3
315 3077 360 3126 sed
376 3075 439 3126 talia
454 3083 520 3126 certe
536 3075 634 3124 librarii
652 3075 746 3126 addere
762 3091 816 3125 non
832 3075 949 3125 solebant
957 3091 1041 3142 neque
1048 3091 1080 3125 eo
1088 3091 1173 3126 carere
1180 3088 1328 3143 possumus3
1338 3092 1399 3126 nam

219 3159 241 3208 si
265 3159 397 3224 omittitur,
421 3160 500 3208 τοῦτο
525 3158 553 3207 in
578 3174 615 3210 vs.
643 3159 707 3220 1416
730 3173 783 3208 non
808 3158 886 3208 habet
910 3173 962 3224 quo
988 3157 1117 3225 reseratur,
1134 3171 1218 3224 neque
1234 3158 1295 3208 satis
1312 3166 1399 3223 aptum

219 3249 257 3292 est
274 3240 362 3291 κλείειν
378 3241 406 3290 in
424 3257 460 3290 vs.
480 3239 553 3303 1418.

249 3325 310 3374 Alia
326 3341 366 3375 res
382 3332 419 3375 est
435 3325 495 3374 Pac.
514 3335 571 3392 733,
588 3324 634 3374 ubi
651 3325 679 3374 in
695 3323 787 3374 mediis
804 3326 940 3389 anapaesbs
955 3325 1050 3390 legitur
1066 3341 1154 3376 versus
1170 3325 1329 3376 trochaicus:

789 3465 861 3528 ἧμεῖς
878 3464 900 3516 δ’
918 3462 1037 3516 alcolea
1055 3464 1158 3525 lemnia

456 3547 484 3608 liv
501 3546 602 3610 ’ίχεμεν
621 3546 677 3599 ὁδὸν
693 3550 777 3612 λόγων
793 3546 903 3611 {isuper
923 3550 972 3600 ῖσοι
989 3565 1021 3599 τε
1040 3552 1093 3608 νοῦς
1108 3547 1169 3612 Ἰχει

219 3688 333 3754 (ῖχιιμεν
345 3689 400 3755 VC,
417 3690 495 3751 Λόγον
511 3690 575 3756 RB),
593 3705 669 3756 quem
686 3689 765 3740 miror
781 3705 836 3740 non
853 3689 990 3740 offendisse
1000 3689 1140 3754 hodiernos
1151 3697 1240 3755 praeter
1251 3690 1401 3740 Her-werde·

219 3787 290 3840 num,
314 3773 359 3838 qui
384 3787 416 3822 ex
440 3772 519 3822 altera
544 3773 609 3823 Pace
629 3789 687 3822 eum
704 3773 865 3840 desumptum
882 3789 936 3824 esse
953 3779 1038 3839 putat3
1054 3774 1123 3822 hunc
1139 3772 1219 3838 igitur
1235 3773 1257 3822 si
1273 3773 1403 3839 sequimur

220 3855 344 3906 delendus
369 3863 407 3906 est
424 3881 457 3894 -
474 3861 499 3905 at
524 3862 584 3905 tune
609 3856 686 3906 simul
708 3855 806 3907 lacunae
821 3857 926 3922 signum
941 3855 1100 3922 ponendum.
1134 3855 1219 3906 Ceteri
1235 3856 1346 3906 editores
1361 3872 1403 3906 ac·

220 3939 370 4004 quieverunt
395 3939 424 3988 in
448 3937 578 3988 Diodorfii
602 3938 773 4004 explicatione
791 3937 960 4003 ιιιιρῳδεῖεῖιιι
982 3939 1025 3988 hic
1051 3939 1116 3989 alius
1132 3947 1214 4004 poetae
1231 3955 1339 4007 versum,
1356 3939 1402 3990 sed

219 4022 265 4072 tali
281 4021 391 4072 licentiae
409 4022 436 4072 in
453 4021 568 4072 versibus
584 4038 601 4072 a
617 4021 700 4073 choro.
712 4022 824 4072 recitatis
840 4023 926 4072 locum
942 4039 999 4073 esse
1022 4021 1179 4072 confidenter
1195 4038 1273 4088 nego.
1295 4022 1403 4072 Accedit

221 4105 292 4171 quod
307 4112 404 4155 veteres
421 4112 632 4155 commentatores
648 4105 746 4156 nullam
762 4106 838 4168 huius
858 4107 895 4156 rei
913 4105 1009 4157 iaciunt
1020 4105 1176 4156 mentionem
1187 4121 1272 4170 neque
1283 4105 1404 4156 inexem-

222 4189 287 4254 plari
304 4205 356 4255 quo
373 4190 488 4240 utebatur
504 4188 642 4239 scholiasta
658 4189 776 4239 metricus
793 4197 900 4240 metrum
915 4190 966 4239 hoc
983 4190 1061 4239 modo
1076 4189 1255 4254 interpolatum
1272 4189 1327 4239 fuit.

254 4272 343 4323 Foede
367 4272 444 4336 igitur
468 4279 614 4337 corruptum
639 4287 693 4322 esse
718 4287 811 4322 censeo
835 4273 905 4322 hunc
929 4287 1038 4339 versum,
1059 4288 1114 4322 non
1130 4273 1215 4322 minus
1232 4272 1309 4323 foede
1325 4288 1403 4338 quam

224 4357 292 4407 Rau.
312 4354 389 4406 1028:

441 4480 537 4546 ῖχάριιν
553 4486 616 4547 γοῦν
632 4481 693 4542 ἡνίκ’
710 4483 807 4542 linem
824 4484 881 4548 περὶ
897 4483 1003 4548 Διιρεῖον
1019 4485 1162 4544 redundent,

224 4647 301 4697 quem
318 4630 449 4696 eleganter
464 4631 501 4681 sic
518 4630 625 4682 restituit
641 4631 781 4682 Fritzsche:
