3434 5394
898 463 920 525 4

321 636 544 722 polationibus
566 655 649 719 quas
672 633 758 699 male
780 633 852 698 sani
873 640 1086 708 correctores,
1108 631 1264 697 omnibus
1286 631 1406 696 criticae
1422 632 1501 696 artis

321 759 475 825 subsidiis
498 759 654 833 destituti,
676 755 834 841 plurimas
857 764 982 820 temere
1005 762 1040 820 et
1061 754 1272 837 impudenter
1293 755 1498 831 invexerunt,

321 889 508 964 propterea,
528 888 565 942 ut
584 880 618 942 in
637 877 815 961 proverbio
833 885 884 940 est
896 877 988 960 quod
998 876 1199 940 nostratibus
1210 883 1261 940 est
1276 894 1351 939 cum
1363 873 1498 941 Graecis

321 1022 500 1067 commune
533 1002 621 1084 (vide
658 998 768 1064 Schol.
799 999 843 1062 ad
874 997 967 1064 Iliad.
997 1005 1049 1062 n:
1083 999 1157 1082 192)
1187 997 1217 1061 ἐν
1246 1000 1377 1078 τυφλῶν
1411 993 1500 1060 πόλει

321 1122 483 1203 mauric
505 1118 675 1200 βασιλεύει,
699 1129 734 1186 et
755 1119 918 1184 habentur
940 1140 1002 1202 pro
1025 1119 1157 1204 optimis
1176 1120 1254 1202 quia
1269 1120 1368 1183 ceteri
1385 1138 1499 1183 omnes

320 1253 396 1309 sunt
437 1245 538 1309 etiam
579 1243 682 1308 multo
723 1242 853 1325 peiores
905 1239 1209 1326 nequioresque.'’¹).
1257 1241 1355 1306 Ratio
1400 1241 1498 1324 igitur

321 1367 476 1432 habenda
506 1375 557 1431 est
586 1374 769 1430 ceterorum
799 1363 950 1428 codicum
982 1363 1093 1446 quoad
1115 1363 1185 1428 fieri
1208 1373 1320 1447 potest
1341 1365 1497 1439 omnium,

321 1491 471 1572 quamvis
501 1508 639 1572 magnus
667 1487 709 1552 sit
732 1507 847 1551 eorum
869 1506 1033 1562 numerus,
1058 1488 1238 1569 praesertim
1262 1487 1295 1550 in
1318 1487 1357 1550 iis
1381 1485 1498 1550 fabulis

322 1630 405 1694 quas
428 1610 613 1676 scholarum
636 1613 669 1674 in
692 1630 787 1675 usum
810 1609 908 1674 edere
932 1608 1084 1674 solebant
1100 1610 1302 1693 grammatici
1317 1609 1498 1691 Byzantini,

324 1733 437 1798 Nubes
460 1732 545 1809 dico,
562 1732 683 1808 Ranas,
708 1730 836 1796 Plutum
845 1731 876 1814 ²).
923 1730 1094 1795 Interdum
1117 1731 1206 1795 enim
1222 1751 1335 1795 verum
1352 1732 1498 1795 invenies

323 1855 356 1918 in
387 1874 428 1918 eo
459 1854 558 1917 etiam
589 1854 714 1928 codice,
737 1853 793 1934 qui
816 1853 1007 1935 ceteroquin
1039 1873 1172 1935 prorsus
1202 1853 1394 1917 abiciendus
1427 1873 1499 1917 esse

321 1977 381 2040 tibi
404 1975 491 2039 visus
515 1975 572 2050 sit;
596 1983 667 2039 tum
690 1973 767 2038 licet
790 1974 879 2038 unde
894 1974 957 2038 sibi
972 1993 1068 2038 suum
1082 1974 1206 2038 habeat
1221 1975 1347 2039 bonum
1362 1975 1499 2048 nescias,

322 2097 483 2161 ambabus
506 2106 616 2161 tamen
640 2097 792 2161 manibus
815 2097 850 2162 id
873 2096 915 2160 ab
939 2117 981 2161 eo
1005 2098 1156 2180 accipies.
1203 2097 1396 2162 Rectissime
1412 2099 1499 2163 enim

321 2220 388 2283 iam
411 2218 490 2282 olim
513 2218 800 2282 Hemsterhusium
823 2218 944 2282 dixisse
960 2239 1081 2283 censeo
1097 2218 1210 2302 (Praef.
1228 2219 1322 2295 Plut,
1337 2239 1372 2302 p.
1389 2220 1498 2303 XVI):

323 2339 474 2418 „chartas
504 2339 557 2404 vel
588 2340 828 2404 recentissimas
850 2340 941 2403 haud
961 2349 1085 2404 temere
1108 2341 1181 2422 quis
1203 2339 1303 2424 paulo
1319 2341 1500 2405 considera·

322 2465 387 2527 tius
410 2471 529 2539 verset,
553 2463 631 2544 quin
655 2461 779 2543 aliquid
800 2461 878 2525 inde
905 2460 986 2524 lucri
1009 2461 1126 2526 saltem
1149 2462 1351 2546 colligatur.''
1398 2461 1499 2545 Quod

324 2593 448 2667 quanto
480 2584 673 2667 prudentius
704 2593 753 2647 est
783 2593 986 2666 praeceptum
1010 2604 1109 2666 quam
1132 2585 1167 2647 id
1191 2585 1280 2667 quod
1302 2584 1377 2667 plus
1401 2604 1499 2666 quam

323 2717 455 2772 centum
490 2707 583 2770 annis
616 2714 734 2789 postea
767 2706 858 2770 dedit
889 2704 1070 2784 R.Schnee,
1102 2708 1191 2789 apud
1222 2727 1322 2789 quem
1352 2709 1386 2769 in
1409 2707 1500 2770 initio

323 2827 607 2912 disputatiunculae
638 2831 703 2904 „de
735 2826 968 2911 Aristophanis
998 2827 1167 2892 codicibus
1197 2829 1231 2892 in
1254 2829 1373 2910 quibus
1397 2830 1500 2892 Ranae

323 2960 356 3015 et
378 2951 471 3014 Aves
490 2949 692 3024 servantur‚”
708 2970 796 3013 anno
820 2951 904 3032 1886
929 2952 1057 3014 emissae
1065 2949 1097 3033 ³),
1114 2950 1186 3014 haec
1204 2949 1363 3034 legimus:
1389 2951 1499 3026 „inter

323 3072 424 3136 libros
448 3071 696 3153 manuscriptos,
720 3071 840 3152 quibus
860 3070 1092 3154 Aristophanis
1109 3071 1228 3135 fabulae
1251 3073 1295 3136 ad
1311 3092 1371 3136 nos
1387 3093 1500 3155 perve-

324 3203 450 3269 nerunt,
484 3194 712 3257 Ravennatem
745 3202 779 3257 et
809 3193 975 3258 Venetum
1005 3195 1225 3278 principatum
1254 3202 1377 3269 tenere,
1401 3213 1499 3258 nemo

323 3337 446 3393 eorum,
478 3316 534 3398 qui
547 3314 607 3377 his
632 3313 752 3378 fabulis
774 3335 909 3398 operam
932 3316 1104 3391 dederunt,
1128 3333 1195 3380 non
1218 3325 1341 3379 censet.
1387 3314 1499 3397 Atque

323 3438 522 3503 deteriorum
553 3437 707 3500 codicum
739 3437 795 3518 qui
827 3437 979 3501 dicuntur
1001 3439 1196 3522 scripturam
1220 3437 1286 3502 fere
1310 3438 1499 3522 neglegere·

322 3581 405 3636 mus,
437 3560 464 3622 si
495 3558 646 3622 omnibus
669 3559 703 3621 in
726 3559 900 3622 comoediis
924 3561 955 3623 R
977 3561 1177 3624 consentiret
1200 3581 1274 3623 cum
1297 3561 1361 3626 V.’'
1399 3561 1499 3624 Haud

323 3684 391 3746 vidi
425 3683 546 3764 magist
582 3679 714 3745 Vellem
746 3681 795 3744 vir
826 3682 1033 3746 doctissimus
1065 3682 1178 3746 Nubes
1202 3683 1381 3766 aliquando
1400 3684 1499 3747 edere
1546 3730 1548 3734 ,

325 3870 521 3882 -—.---

356 3973 376 4037 1)
394 3974 434 4023 cf.
451 3974 483 4022 V.
500 3971 549 4035 L¹.,
567 3988 592 4036 p.
609 3981 673 4036 335:
691 3973 739 4038 „In
756 3972 934 4038 Aristophanis
950 3973 1069 4022 Nubibus
1081 3989 1117 4023 vs.
1133 3987 1209 4038 1409:
1223 3975 1274 4024 Καὶ
1284 3977 1363 4038 πρῶτ’
1377 3972 1502 4036 ἐρήσομαί

324 4073 354 4105 σε
371 4055 453 4105 τουτί·
472 4054 554 4104 παῖδα
571 4063 599 4116 μ’
617 4053 668 4104 ’ὄντ’
687 4053 808 4112 innaret,
824 4070 907 4120 neque
924 4071 1073 4105 numerosus
1090 4072 1177 4106 versus
1195 4066 1238 4124 est,
1250 4066 1275 4106 et
1286 4058 1363 4106 verba
1373 4057 1498 4106 nonsatis

322 4139 453 4203 expedita:
479 4139 617 4204 legendum
643 4153 748 4189 censeo:
774 4137 824 4188 Καὶ
848 4143 929 4201 πρῶτ’
955 4135 1080 4201 ἐρήσομαί
1102 4157 1132 4188 σε
1159 4143 1238 4190 τοῦτ’·
1257 4138 1284 4188 oi
1301 4137 1384 4188 παῖδά
1401 4144 1430 4200 μ’
1446 4137 1499 4188 ’ὄντ’

322 4221 447 4279 'frumen
464 4223 542 4271 -in
559 4223 662 4288 optimis
677 4223 751 4272 libris
768 4223 916 4276 Ravennate
933 4229 958 4271 et
975 4223 1075 4272 Veneto
1092 4230 1130 4272 est
1147 4221 1227 4272 παῖδά
1242 4227 1270 4283 μ’
1281 4221 1334 4270 ’ὄντ’
1345 4218 1498 4278 ἐτύπτησας.

322 4303 363 4351 En
380 4301 512 4366 praeclaros
529 4305 604 4352 testes
621 4301 789 4367 antiquitatis!
824 4301 926 4350 Bonum
944 4301 1038 4350 tactum
1051 4300 1122 4365 quod
1134 4301 1161 4349 in
1172 4308 1247 4365 poeta
1258 4299 1354 4348 nemini
1366 4299 1499 4364 imponere

322 4385 485 4450 potuerunt!''

355 4467 375 4530 ἵ)
392 4467 507 4518 Nubium
522 4484 577 4518 non
593 4469 678 4518 minus
695 4484 771 4534 quam
787 4470 920 4534 sexaginta
936 4483 980 4518 sex
997 4466 1098 4517 codices
1113 4473 1242 4516 enumerat
1258 4464 1414 4528 Blnydesius.

355 4551 376 4614 3)
394 4552 614 4617 Osterprogramm
630 4553 675 4602 des
692 4551 988 4616 Wilhelmgymnasiums
1004 4551 1031 4600 in
1050 4549 1191 4614 Hamburg‚
1211 4546 1281 4598 1886.
