3434 5394
798 491 836 553 41

229 660 310 724 dum
333 658 361 723 ν’
386 659 535 724 additum
559 678 633 724 esse
656 680 676 723 a
700 658 831 723 librario
855 660 908 722 cui
931 679 1048 743 parum
1070 669 1236 726 constaret
1259 660 1302 725 de
1317 660 1408 726 hiatu

234 792 312 867 post
334 781 367 846 ri
387 783 477 866 apud
500 783 648 846 comicos
675 782 829 846 admisso.

276 905 315 974 ln
338 905 484 970 eiusdem
508 905 628 970 sabulae
650 924 798 985 vs.1o4n
821 905 905 970 haec
927 905 1024 971 lectio
1047 915 1176 972 servata
1199 916 1250 971 est
1275 906 1307 970 in
1322 906 1409 971 codi-

231 1023 326 1087 cibus
349 1022 383 1086 A
407 1032 441 1087 et
464 1021 560 1087 Cant.
584 1040 623 1101 4:

275 1233 374 1291 NEA.
419 1221 608 1304 ιὶσνιιὶζνμιιι
630 1249 674 1300 σε,
697 1233 754 1290 ΓΡ.
777 1225 812 1290 τί
833 1230 943 1308 Φνσινς
966 1234 1064 1292 NEA.
1089 1227 1211 1310 ιὶρχιιίιι
1234 1227 1321 1308 φίλη,

422 1345 516 1412 πολιὰ
540 1346 705 1425 reponam
727 1346 818 1430 τιιχύ
842 1371 882 1425 νε
904 1348 938 1423 νὴ
963 1347 1014 1413 τὸν
1037 1348 1199 1429 οὐρανόν-ὲ

231 1555 266 1623 σέ
289 1561 380 1640 φησιν
403 1560 527 1624 omisso
549 1557 583 1622 ri
602 1559 704 1623 habet
727 1559 767 1634 R.
791 1579 866 1644 quae
883 1559 1060 1642 Chremylo
1080 1561 1204 1626 tributa
1218 1568 1413 1644 receperunt

231 1682 393 1766 Bergkius
423 1691 458 1746 et
487 1681 690 1758 Meinekius;
722 1682 782 1746 sed
804 1690 1024 1765 praeterquam
1051 1681 1142 1766 quod
1166 1683 1212 1746 sic
1235 1682 1412 1746 obscurum

232 1813 346 1869 manet
369 1805 458 1869 unde
480 1813 589 1868 ortum
612 1805 655 1868 sit
677 1801 717 1879 ri,
742 1804 805 1868 hoc
829 1825 925 1868 sensu
950 1803 1038 1888 apud
1062 1804 1194 1868 Atticos
1217 1801 1329 1880 λέγειν,
1345 1824 1412 1867 non

233 1930 332 2008 φῆνιιι
354 1928 388 1990 in
411 1946 470 1990 usu
494 1946 577 2000 esse,
601 1927 670 1990 iure
693 1925 859 1989 Dobraeus
881 1926 1080 2002 observavit,
1099 1926 1238 1990 testibus
1254 1923 1413 2008 exemplis

235 2071 254 2114 a
277 2049 454 2131 Blaydesio
478 2049 512 2112 in
536 2067 655 2114 comm.
672 2068 770 2132 exeg.
786 2048 831 2111 ad
847 2068 896 2112 vs.
917 2065 1002 2129 1099
1018 2047 1134 2112 allatis.
1158 2046 1266 2113 Ceteri
1281 2046 1413 2110 codices

234 2194 270 2235 σε
292 2180 381 2236 recte
404 2172 568 2235 omittunt.

277 2295 396 2360 Restat
417 2287 753 2371 Plut.‘versus1092,
773 2292 828 2355 ubi
852 2290 1030 2373 Chremyio
1053 2291 1177 2356 dicenti

870 2442 974 2526 θάρρει,
998 2445 1042 2523 μὴ
1067 2443 1178 2526 Φιβνῖι,

370 2537 401 2601 οὐ
425 2535 486 2617 γὰρ
510 2533 665 2615 βιάσεται,

233 2675 359 2740 iuvenis
382 2676 528 2758 reponit:

748 2809 830 2876 νιιὲνν
853 2815 958 2884 καλῶς
980 2809 1077 2876 τοίνυν
1101 2809 1211 2889 λέγεις,

369 2931 466 3000 ἱκανὸν
490 2933 549 3016 γὰρ
574 2934 670 3008 αὐτὴν
694 2931 834 3016 πρότερον
857 2932 1044 2998 ὑπεπίττουν
1068 2931 1217 3015 χρόνον-

233 3101 428 3184 Blayde'sius
451 3123 495 3166 ex
512 3102 629 3166 codice
645 3099 727 3165 Mut.
748 3118 761 3163 1
781 3101 898 3184 recipit
913 3120 1098 3185 pronomen
1113 3123 1147 3163 σε
1164 3109 1240 3185 post
1255 3095 1411 3177 βιάσεται,

233 3223 359 3300 iniuria,
382 3234 419 3287 ut
442 3244 573 3300 censeo,
597 3243 674 3288 narn
697 3221 862 3304 Chremyli
893 3222 997 3286 verba
1019 3222 1062 3286 ab
1086 3223 1202 3286 iuvene
1218 3221 1408 3305 interrumpi

230 3353 324 3429 puto.
347 3347 518 3422 Praeterea,
542 3355 579 3410 ut
602 3365 654 3409 me
682 3354 795 3409 monet
824 3366 856 3408 v.
884 3344 924 3408 cl.
951 3365 983 3409 v.
1011 3345 1187 3420 Leeuwen‚
1215 3345 1333 3408 eadem
1355 3343 1410 3406 hic

232 3475 284 3530 est
313 3486 365 3530 res
396 3476 496 3550 atque
527 3468 653 3550 Equitt.
687 3484 752 3547 340
774 3465 826 3551 (ci.
858 3485 956 3549 supra
986 3486 1065 3550 pag.
1089 3467 1160 3552 38):
1192 3466 1220 3528 si
1243 3465 1330 3529 enim
1353 3465 1410 3528 ad·

232 3589 321 3653 ditur
343 3609 541 3674 pronomen,
565 3589 690 3653 iuvenis
714 3587 882 3670 Chremyli
900 3587 1002 3653 verba
1017 3588 1075 3651 vix
1091 3597 1131 3673 ¹et
1147 3607 1188 3652 ne
1204 3588 1261 3651 vix
1275 3585 1411 3670 quidem

234 3719 271 3775 ut
293 3711 337 3775 de
359 3713 437 3776 vino
461 3711 549 3775 dicta
571 3711 720 3794 accipere
742 3719 865 3793 potest.

279 3831 365 3914 Quae
387 3832 508 3897 deinde
532 3832 711 3914 Blaydesio
734 3831 844 3917 placet
866 3831 963 3896 lectio
988 3831 1111 3896 codicis
1135 3831 1168 3895 V
1183 3831 1214 3894 οὐ
1230 3826 1291 3910 γάρ
1306 3851 1337 3894 τι
1351 3848 1412 3912 pro

233 3955 266 4018 οὐ
289 3951 362 4035 γάρ,
391 3975 432 4019 ea
461 3962 597 4037 propter
625 3962 764 4017 metrum
786 3951 883 4016 valde
915 3962 966 4019 est
996 3962 1158 4036 suspecta.

281 4197 476 4262 Cavendum
506 4205 617 4262 tamen
640 4206 701 4274 est,
727 4218 769 4261 ne
793 4217 924 4279 semper
947 4206 981 4260 et
1003 4196 1126 4278 ubique
1149 4195 1213 4259 hoc
1238 4215 1413 4278 persequa-

236 4340 317 4385 mur.
364 4320 451 4383 Nam
474 4324 563 4384 Plut.
580 4339 639 4398 4³2
667 4318 742 4383 ἀλλ’
767 4314 833 4393 ἥτις
856 4311 886 4382 εἷ
904 4317 1005 4395 λέγειν
1021 4317 1050 4382 ν’
1069 4317 1163 4398 ἐχρῆν
1179 4313 1292 4382 airino
1308 4313 1413 4394 μάλα,

236 4441 293 4506 ubi
317 4439 345 4504 ν’
369 4449 453 4525 post'
469 4438 569 4516 λέγειν
586 4441 735 4504 additum
751 4449 801 4503 est
816 4441 850 4504 in
866 4440 930 4505 VR
945 4449 980 4504 et
995 4438 1104 4504 multis
1119 4438 1207 4516 aliis3
1231 4444 1319 4505 Plut.
1347 4444 1414 4504 606

235 4563 310 4628 ἀλλ’
335 4564 367 4628 οὐ
391 4561 516 4641 μέλλειν
540 4569 618 4644 χρῆν
641 4560 714 4646 (χρή
740 4562 770 4625 R
793 4581 868 4626 cum
891 4562 1108 4626 deterioribus
1122 4559 1307 4646 plerisque,
1322 4561 1414 4645 quod
