3434 5394
569 1865 719 1926 CAPUT
737 1865 988 1927 SECUNDUM.

337 2071 388 2132 De
407 2068 635 2144 glossematis
654 2066 928 2140 Aristophanels
947 2067 983 2126 ln
1001 2066 1212 2128 universnm.

722 2483 792 2549 „Vos
810 2482 870 2532 binc
888 2483 983 2533 interea
999 2482 1099 2546 (valete)
1116 2481 1184 2530 abite

719 2566 784 2615 Illuc
800 2566 869 2616 unde
885 2567 981 2616 malurn
997 2564 1090 2630 pedem
1107 2563 1247 2614 attulistis.'’

1180 2647 1332 2698 Ceronius.

232 2815 362 2879 Eodem
395 2813 463 2878 fere
495 2824 646 2898 tempore
676 2835 744 2897 quo
777 2814 966 2899 diligentius
993 2813 1226 2896 Aristophanis
1249 2813 1369 2877 sabulis

183 2959 323 3025 operam
346 2938 426 3000 dare
448 2938 545 3020 coepi,
570 2937 742 3001 detinebat
757 2958 811 3001 me
826 2936 955 3002 libellus
971 2936 1213 3020 elegantissime
1229 2937 1368 3019 scriptus

188 3062 233 3124 de
264 3060 401 3123 materia
423 3078 583 3142 perquam
606 3059 715 3123 arida:
739 3060 800 3123 viri
824 3059 992 3122 clarissimi
1017 3058 1189 3134 Hartman,
1213 3058 1370 3122 carissimi

187 3184 255 3246 mei
285 3183 508 3266 praeceptoris,
542 3184 606 3257 „de
634 3181 877 3245 Emblematum
900 3182 933 3244 in
956 3181 1101 3245 Platonis
1122 3189 1216 3245 textu
1240 3180 1368 3245 obviis’'

189 3305 382 3388 disputatio.
429 3303 481 3367 Ex
510 3324 577 3387 qua
610 3324 686 3366 curn
709 3301 914 3387 glossematis
938 3312 972 3367 et
994 3304 1227 3367 additamentis
1249 3303 1369 3384 quibus

187 3433 316 3491 scatent
330 3424 483 3509 permulti
498 3434 649 3488 veterum
663 3425 858 3507 scriptorum
873 3425 1004 3488 codices
1020 3424 1208 3508 diligentius
1223 3425 1369 3488 animum

185 3550 359 3614 attendere
386 3548 586 3622 didicissem,
618 3546 687 3610 fieri
717 3567 784 3610 non
814 3555 944 3629 poterat
962 3548 1052 3629 ¹quin
1083 3547 1115 3610 in
1144 3545 1369 3628 Aristophane

187 3690 321 3754 quoque
365 3669 482 3732 similia
523 3688 712 3752 quaererem.
759 3668 803 3732 Et
840 3677 987 3734 monstra
1025 3670 1158 3751 quidem
1193 3669 1303 3751 qualia
1335 3669 1369 3730 in

187 3790 325 3854 Platone
349 3798 382 3853 et
404 3790 438 3852 in
461 3789 661 3872 Thucydide
673 3790 693 3874 ¹)
718 3791 751 3853 et
774 3791 841 3854 iam
864 3798 1040 3872 procurata
1061 3800 1149 3866 sunt,
1173 3791 1206 3855 et
1232 3789 1370 3855 fortasse

185 3913 376 3976 etiamnunc
405 3913 613 3993 procuranda
635 3920 768 3990 restant,
793 3913 826 3975 in
851 3920 951 3994 poeta
974 3912 1078 3976 multa
1099 3913 1237 3976 inveniri
1259 3933 1367 3995 posse,

221 4114 242 4177 1)
257 4115 297 4163 Ex
313 4115 363 4164 hoc
380 4114 501 4178 scriptore
512 4113 588 4163 liceat
601 4113 665 4163 mihi
677 4130 755 4163 unum
763 4111 876 4178 prolerre
886 4111 1020 4180 emblema,
1029 4114 1099 4178 quod
1109 4113 1204 4163 dudum
1213 4129 1228 4162 a
1236 4114 1369 4179 Kruegero

189 4205 310 4263 notatum,
336 4197 396 4246 satis
422 4203 507 4260 aperte
533 4223 565 4233 —-
591 4212 746 4262 quamquam
770 4196 855 4245 minus
880 4206 966 4260 aperte
992 4213 1067 4261 quam
1093 4213 1124 4246 ea
1150 4213 1206 4263 quae
1231 4213 1262 4247 ex
1285 4199 1369 4249 Taciti

187 4278 305 4328 Mediceo
323 4278 401 4329 altero
419 4279 479 4328 citat
496 4295 519 4329 v.
537 4279 568 4329 cl.
586 4281 713 4329 Hartman
729 4280 755 4342 (l.
771 4280 789 4330 l.
802 4296 820 4345 p
832 4284 898 4346 3)—
911 4280 1041 4344 quomodo
1054 4280 1180 4331 interdum
1192 4282 1370 4332 annotationes

188 4363 327 4412 intextum
345 4362 497 4427 irrepserint,
514 4361 631 4411 ostendit.
665 4362 696 4412 In
713 4363 784 4412 Libri
802 4365 870 4413 enim
887 4365 967 4413 Primi
984 4363 1067 4428 capite
1083 4363 1130 4412 XC
1150 4363 1164 4430 ξ
1182 4365 1370 4428 3Thueydides

190 4445 304 4510 scripsit:
330 4443 456 4508 τειχίζειν
474 4443 501 4494 δὲ
519 4442 646 4506 πανδημεὶ
663 4446 707 4495 καὶ
723 4444 815 4504 αὐτοὺς
832 4446 876 4497 καὶ
892 4449 1017 4509 γυναῖκας
1035 4445 1197 4504 raineridae.
1236 4447 1289 4497 Ubi
1306 4463 1370 4496 παν-

189 4527 264 4588 δημεῖ
281 4529 344 4578 olim
358 4528 510 4592 explicatum
527 4537 564 4579 est
580 4544 625 4594 per
642 4529 743 4586 πάντας
750 4531 811 4587 τοὺς
819 4529 844 4580 ἐν
852 4533 886 4594 τῇ
894 4530 982 4586 πόλεις
992 4530 1059 4594 quod
1067 4529 1185 4580 scholion
1193 4531 1228 4580 ita
1237 4530 1265 4579 in
1276 4539 1369 4580 textum

189 4611 315 4662 invectum
341 4619 386 4679 est,
412 4619 439 4661 ut
464 4611 564 4670 πάντας
585 4620 722 4678 poneretur
743 4619 801 4662 aute
817 4611 951 4674 πανδημεὶ,
968 4619 1051 4663 cetera
1067 4613 1190 4678 posthoc
1207 4613 1368 4664 vocabulum.
