3434 5394
711 1889 860 1950 creor
881 1888 1116 1968 QUARTUM.

652 2063 703 2122 De
732 2061 993 2135 pronominibus
1023 2059 1178 2119 insertis.

372 2529 511 2613 Saepius
533 2528 740 2613 pronomina,
764 2537 798 2591 et
821 2515 1000 2611 praesertim
1023 2525 1218 2609 pronomina
1240 2522 1436 2606 personalia,
1461 2523 1507 2585 in·

327 2654 396 2717 vito
424 2661 526 2735 poeta
555 2653 677 2714 inserta
706 2659 799 2727 sunt;
835 2649 1014 2713 rectissime
1046 2647 1190 2728 Blaydes
1220 2647 1264 2710 ad
1290 2645 1375 2709 Plut.
1403 2661 1505 2727 1170:

328 2773 429 2852 „nihil
452 2773 655 2857 frequentius
678 2773 883 2855 pronominis
906 2769 1180 2854 interpolatione”
1194 2768 1225 2853 ¹).
1251 2767 1306 2832 Sic
1325 2771 1454 2845 Equitt.
1472 2788 1508 2844 14

328 2918 389 2982 pro
413 2890 460 2960 ivn
483 2895 528 2972 μὴ
554 2891 715 2975 μάχωμαι
737 2892 840 2977 (‚,scil.
857 2892 921 2956 roi'
941 2900 1078 2956 annotat
1094 2890 1248 2973 Blaydes)
1264 2889 1298 2952 in
1314 2886 1472 2950 VAoPM
1484 2886 1507 2970 ³)

328 3018 447 3101 legitur
470 3011 517 3080 tva
540 3038 585 3080 σοι
608 3015 654 3093 μὴ
678 3011 858 3095 palpamen
880 3034 1014 3097 prorsus
1037 3013 1155 3076 eodem
1179 3014 1279 3076 modo
1303 3017 1429 3091 Equitt.
1447 3031 1509 3091 339

330 3139 554 3219 διαμαχουμαι
572 3160 615 3202 σοι
630 3138 699 3221 (sic)
715 3159 776 3220 pro
794 3138 883 3201 nudo
900 3135 1124 3216 διαμαχοῦμαι
1139 3135 1241 3199 habet
1256 3135 1304 3212 R;
1328 3141 1433 3201 Nubb.
1451 3158 1507 3202 221

329 3259 366 3326 σύ
390 3284 441 3339 μοι
464 3256 594 3324 κάλεσον
618 3280 677 3343 pro
702 3257 739 3322 σὺ
763 3255 893 3322 κάλεσον
916 3267 967 3322 est
990 3259 1024 3321 in
1046 3257 1106 3320 Ao
1131 3257 1213 3321 Mut.
1239 3276 1276 3339 33
1307 3266 1411 3325 Nubb.
1431 3280 1506 3341 1255

328 3383 405 3458 otro
429 3405 473 3447 rot
497 3387 664 3462 πρυτανεῖα
686 3403 748 3465 pro
772 3380 849 3455 θήσω
875 3385 1043 3461 πρυτανεῖα
1066 3381 1100 3443 in
1124 3379 1216 3444 Harl.
1241 3399 1272 3455 2,
1297 3382 1392 3447 Bodl.
1418 3400 1447 3464 3,
1474 3397 1505 3462 7,

326 3507 397 3569 Par.
442 3522 479 3586 3;
531 3505 594 3567 alia
636 3514 748 3568 autem
789 3502 942 3586 exempla
990 3503 1139 3584 praebent
1180 3503 1342 3567 editiones
1386 3505 1507 3568 criticae

331 3628 455 3710 Equitt.
486 3644 557 3707 123,
584 3626 695 3693 Nubb.
721 3643 796 3707 314,
822 3641 897 3706 374,
919 3624 1009 3688 Avv.
1038 3638 1132 3706 1550.

372 3747 460 3830 Quin
483 3747 741 3829 Plut.1170‚qui
765 3767 879 3810 versus
903 3747 991 3829 apud
1016 3746 1194 3810 Kusterum
1216 3745 1326 3810 adhuc
1353 3748 1399 3810 sic
1423 3747 1511 3830 lege·

329 3870 439 3933 batur:
474 3865 508 3932 ἵν’
538 3865 642 3940 εὐθέως
665 3866 830 3941 διακονικὸς
853 3861 929 3932 εἷναί
949 3889 1000 3945 μοι
1024 3866 1123 3949 δοκῇς,
1154 3866 1321 3932 Bentleius
1344 3869 1413 3932 iure
1435 3889 1509 3951 pro-

331 4011 455 4055 nomen
488 4012 540 4068 μοι
574 3989 734 4053 deleverit
763 4010 862 4053 nemo
884 3989 985 4052 hodie
1008 3998 1059 4053 est
1081 3990 1136 4071 qui
1161 3988 1309 4067 dubitat;
1342 3990 1510 4054 dubitatur

330 4122 440 4177 autem
458 4118 586 4192 Equitt.
606 4131 667 4192 741,
686 4111 742 4174 ubi
766 4131 882 4175 omnes
905 4112 1038 4174 codices
1061 4109 1185 4175 habent
1204 4109 1270 4174 εἰπὲ
1293 4114 1342 4174 νῦν
1364 4111 1428 4198 (vel
1444 4111 1511 4176 εἰπέ

332 4238 391 4320 νυν)
414 4234 448 4300 ri
469 4235 560 4316 δρῶνς
585 4237 618 4299 in
641 4235 671 4298 R
695 4244 729 4298 et
751 4235 787 4298 M
809 4255 888 4299 vero
911 4235 1066 4298 traditum
1095 4243 1145 4298 est
1168 4232 1234 4298 εἰπέ
1257 4257 1309 4312 μοι
1334 4239 1392 4310 νῦν,
1419 4236 1508 4300 unde

365 4437 385 4500 1)
402 4438 434 4488 ei.
451 4437 520 4486 idem
537 4437 570 4486 ad
587 4437 697 4486 Aeliam.
715 4445 773 4500 437,
791 4436 824 4485 ad
841 4436 944 4487 Thesm.
963 4447 1020 4504 754,
1037 4437 1071 4486 ad
1087 4437 1152 4487 Plut.
1169 4434 1227 4497 648.

365 4520 386 4583 ²)
410 4520 506 4570 Littera
527 4521 555 4568 M
573 4521 601 4570 in
619 4519 753 4585 Equitibus
769 4526 794 4569 et
811 4520 891 4569 Ranis
909 4521 1019 4569 eundem
1036 4535 1112 4584 quem
1130 4520 1264 4570 Velsenius
1282 4521 1368 4571 indico
1385 4521 1510 4590 codicem,

334 4603 537 4654 Ambrosianum
553 4603 629 4670 139,
646 4603 691 4668 qui
709 4603 778 4668 apud
795 4603 957 4667 Blaydesium
974 4603 1042 4652 Med.
1060 4602 1076 4653 8
1093 4604 1194 4655 dicitur.
