3434 5394
865 516 905 582 32

291 688 454 772 probante
479 685 609 751 Cobeto
632 685 785 769 (Brieven
808 705 872 750 aan
896 685 978 751 Geel
1003 706 1035 770 p.
1060 687 1147 771 331).
1174 724 1216 734 -
1243 685 1312 751 Sed
1338 688 1385 752 sic
1412 708 1480 752 non

294 808 402 874 solum
430 809 474 874 ad
504 807 647 886 ἐμποδών
670 807 862 873 addendum
889 807 1004 872 suisset
1025 809 1243 892 participium,
1271 817 1307 874 ut
1329 810 1398 874 iure
1422 811 1479 874 ob·

291 941 426 995 servant
447 953 480 994 v.
503 929 668 1014 Bamberg
690 929 744 1013 (de
764 927 871 993 Codd.
890 930 920 994 R
944 929 1023 993 etV
1038 951 1072 1014 p.
1091 929 1155 1014 31),
1172 939 1205 994 et
1221 951 1286 994 van
1302 931 1478 1008 Leeuwen‚

291 1054 354 1117 sed
381 1053 481 1117 etiam
511 1053 619 1115 minus
648 1061 763 1136 aptum
795 1071 831 1115 se
860 1050 963 1115 habet
993 1047 1098 1131 πάντῃ
1129 1052 1163 1115 in
1186 1072 1234 1116 vs.
1263 1052 1339 1131 246.
1387 1053 1477 1116 Nihil

292 1174 436 1256 denique
459 1174 596 1239 offendit
617 1174 651 1238 in
673 1173 808 1256 vulgata
831 1172 973 1236 lectione
998 1171 1097 1237 λαθών
1120 1193 1183 1250 rem
1208 1173 1344 1240 alteram
1367 1173 1478 1239 lectio·

292 1315 370 1360 nem
392 1317 412 1360 e
434 1295 633 1380 glossemate
655 1304 761 1360 ortam
784 1313 857 1358 esse
879 1295 1061 1358 rectissime
1086 1305 1199 1360 censet
1221 1316 1289 1361 von
1300 1295 1477 1381 Bamberg‚

291 1417 352 1480 sed
387 1417 494 1480 minus
527 1426 616 1481 recte
651 1417 740 1482 idem
774 1417 928 1500 opinatur
960 1417 1003 1481 ad
1037 1439 1084 1488 τις
1113 1426 1224 1483 mente
1255 1418 1477 1502 supplendum

291 1559 366 1603 esse
390 1536 476 1611 λίθος.

338 1783 385 1847 Ut
411 1791 522 1848 tamen
551 1782 634 1847 ha'ec
658 1802 790 1866 quoque
814 1779 891 1853 θέσις
912 1802 1006 1846 suam
1028 1781 1090 1845 sibi
1113 1781 1238 1846 habeat
1263 1779 1419 1856 ἀντίθεσιν,
1442 1783 1475 1846 in

291 1904 357 1967 fine
379 1905 495 1987 capitis
518 1905 626 1968 dicam
651 1905 694 1968 de
717 1903 801 1980 loco,
826 1903 881 1967 ubi
903 1903 1089 1986 interpretis
1111 1922 1244 1967 manum
1267 1923 1287 1966 a
1312 1901 1477 1966 nonnullis

291 2027 451 2110 agnitam,
484 2028 636 2110 equidem
667 2047 733 2090 non
762 2046 873 2102 cerno,
905 2026 965 2088 sed
994 2025 1048 2108 qui
1072 2024 1166 2088 aliter
1191 2025 1381 2088 tractandus
1405 2045 1478 2088 esse

291 2149 371 2212 mihi
387 2149 527 2213 videtur.
554 2123 682 2232 Nempe
699 2153 826 2228 Equitt.
844 2153 897 2226 814
916 2149 958 2211 de
971 2146 1193 2211 Themistocle
1209 2148 1292 2211 haec
1308 2146 1476 2211 dicuntur:

382 2319 413 2398 le
435 2327 652 2433 intriumprirr
676 2322 766 2389 πόλιν
790 2326 875 2402 ἡμῶν
890 2323 1015 2402 ’μεστὴν
1038 2323 1125 2404 εὑρὼν
1150 2322 1296 2404 ἐπιχειλῆ

382 2449 435 2514 uui
459 2450 533 2532 πρὸς
555 2447 673 2520 τούτοις
695 2447 847 2530 οὶριστώσιι
871 2447 921 2511 τοι
946 2448 1071 2528 Πειροιιῖι
1095 2443 1299 2527 προσέμαξεν,

383 2570 508 2651 ἀφελών
531 2569 559 2634 τ’
584 2569 665 2635 οὐδὲν
688 2574 746 2634 τῶν
770 2567 909 2650 οὶρχοιίοιν
933 2568 1020 2649 ἰχθῦς
1041 2566 1161 2640 κοινοὺς
1185 2566 1357 2648 παρέθηκεν.

338 2726 489 2809 Plerique
521 2726 615 2789 huius
648 2724 712 2789 loci
736 2726 930 2807 interpretes
953 2734 1010 2789 aut
1033 2744 1150 2789 vocem
1173 2723 1291 2802 μεστήν
1314 2744 1334 2787 e
1356 2722 1480 2807 glosse-

292 2856 381 2912 mate
405 2856 516 2911 natam
531 2867 604 2910 esse
620 2856 785 2930 putarunt,
801 2856 859 2910 aut
873 2847 1102 2911 tenuissimum
1119 2846 1289 2929 quoddam
1304 2845 1479 2909 discrimen

290 2979 435 3034 statuere
458 2971 567 3033 conati
590 2978 665 3034 sunt
688 2970 772 3033 inter
796 2968 915 3045 μεστήν
939 2978 973 3033 et
996 2967 1151 3048 ἐπιχειλῆ.
1199 2966 1300 3049 Quod
1327 2967 1371 3032 ad
1393 2968 1478 3050 prio·

291 3112 361 3156 rem
384 3093 581 3156 sententiam
603 3128 648 3138 —
670 3090 834 3172 ἐπιχειλής
856 3111 915 3173 per
939 3088 1053 3168 μεστός
1075 3090 1277 3172 explicatum
1296 3109 1368 3152 esse
1384 3097 1478 3152 estne

289 3214 359 3278 veri
383 3213 506 3277 simile?
530 3214 648 3278 Nonne
672 3216 781 3297 potius
804 3213 1005 3277 adiectivum
1030 3211 1147 3292 πλήρης
1164 3211 1367 3275 adhibuisset
1381 3211 1477 3274 inter·

291 3333 388 3420 pres?
416 3335 578 3399 Praeterea
597 3356 762 3399 sumamus
780 3335 964 3399 eiciendum
982 3354 1054 3397 esse
1074 3331 1110 3396 τὸ
1130 3332 1258 3410 μεστήν,
1280 3341 1315 3397 et
1326 3332 1477 3396 lacunam

290 3458 339 3521 sic
351 3468 461 3521 natam
474 3467 586 3520 nostro
599 3466 702 3520 marte
714 3457 849 3540 explere
861 3455 956 3519 nobis
968 3455 1066 3519 licere
1076 3491 1120 3502 --
1128 3456 1213 3517 sicut
1226 3453 1359 3538 explere
1368 3455 1477 3517 conati

290 3591 369 3644 sunt
391 3580 600 3644 Piccolomini
623 3577 725 3654 νῆστίν
748 3580 792 3656 γ’,
816 3578 942 3643 Zacher
964 3579 1064 3641 Arist
1088 3575 1182 3640 Stud.
1206 3597 1238 3659 p.
1268 3589 1326 3657 125
1345 3575 1368 3660 ¹)
1386 3571 1475 3650 οοῦιιι,

291 3702 347 3766 alii
370 3703 434 3766 alia
457 3703 657 3766 conicientes
681 3738 725 3748 -
748 3702 827 3782 quid
850 3710 920 3763 tum
943 3698 1064 3764 restat?
1095 3695 1335 3762 Themistocles
1359 3697 1475 3760 urbem

291 3824 501 3908 Athenarum
536 3822 681 3902 ἐπιχειλῆ
716 3820 838 3896 ἐποίησε
868 3859 908 3867 -
941 3822 1001 3885 sed
1030 3840 1194 3903 quaenam
1225 3829 1275 3883 est
1305 3819 1366 3883 ista
1390 3817 1479 3882 Grae·

291 3945 395 4010 citas?
434 3946 553 4009 Nonne
576 3945 688 4026 utique
712 3943 902 4007 addendum
925 3951 976 4006 est
998 3961 1142 4024 quanam
1166 3961 1200 4003 re
1224 3959 1298 4004 eam
1320 3940 1364 4004 ad
1383 3938 1476 4003 labra

291 4087 396 4148 usque
428 4065 621 4151 repleverit?
653 4101 694 4112 -
718 4064 764 4128 sic
795 4064 882 4128 enim
913 4061 1076 4144 ἐπιχειλιὶς
1099 4061 1380 4144 interpretandum
1403 4081 1477 4126 esse

292 4187 440 4251 Zachero
472 4188 492 4250 l.
517 4187 537 4251 l.
568 4187 707 4251 libenter
730 4184 888 4249 concedo.
935 4185 986 4248 Ne
1011 4183 1123 4261 multa,
1149 4182 1344 4266 corruptelae
1364 4183 1479 4247 sedem

290 4329 404 4390 quaero
428 4312 462 4373 in
482 4309 577 4390 εὑρών,
593 4310 684 4393 quod
701 4328 769 4373 non
785 4310 830 4372 ita
846 4307 963 4371 audaci
980 4308 1168 4372 coniectura
1183 4315 1276 4370 muto
1292 4305 1326 4368 in
1337 4305 1475 4382 trater:

327 4509 346 4572 1)
371 4510 478 4560 Kourad
495 4511 597 4561 Zacher.
614 4508 908 4576 Aristophanesstudien‚
925 4516 1001 4560 erstes
1013 4507 1084 4559 Hert.
1114 4507 1314 4572 Anmerkungen
1331 4522 1363 4558 ru
1380 4507 1478 4558 Aristo·

293 4594 399 4660 phanes'
416 4595 523 4645 Rittern.
541 4595 657 4660 Leipzig.
676 4593 804 4661 Teubner,
826 4591 899 4658 1898.
