3434 5394
778 530 801 594 9

198 703 279 768 olim
311 710 380 766 erat
410 700 601 785 vulgatum3
636 702 679 764 de
703 696 830 778 μέλλειν
852 707 963 764 tamen
987 719 1063 762 cum
1086 700 1197 763 aoristi
1220 698 1380 764 infinitivo

198 825 374 890 coniuncto
405 843 479 886 mea
511 820 595 886 facio
626 821 800 904 Phrynichi
827 821 871 904 (p.
908 820 973 902 336
1008 820 1060 884 ed.
1083 820 1233 904 Lobeck)
1257 822 1376 885 verba:

199 943 370 1027 ,ἐσχάτως
400 941 559 1026 βάρβαρος
590 945 607 1020 ἡ
640 941 787 1020 σύνταξις
816 938 927 1018 αὕτη,”
959 979 1004 990 -
1034 943 1096 1007 sed
1125 944 1257 1025 quade
1281 964 1380 1007 causa

198 1063 324 1144 άνάγειν
355 1068 388 1130 in
416 1063 539 1142 άνάξειν
562 1066 717 1130 mutarint
741 1063 842 1128 Halm
866 1073 901 1128 et
923 1084 987 1128 van
1010 1065 1176 1128 Leeuwen
1198 1085 1265 1128 non
1289 1064 1379 1129 intel·

198 1189 293 1273 lego:
329 1190 443 1273 viginti
477 1198 606 1273 septem
640 1187 711 1251 aliis
746 1185 826 1250 locis
859 1185 1112 1268 Aristophaneis
1149 1185 1275 1263 μέλλειν
1306 1207 1381 1249 cum

198 1310 360 1375 infinitivo
382 1310 553 1394 praesentis
581 1310 793 1402 coniunctum
818 1308 992 1383 invenitur,
1016 1327 1101 1390 quos
1124 1328 1239 1371 omnes
1256 1317 1382 1371 mutare

200 1452 298 1498 nemo
313 1431 407 1496 facile
423 1431 567 1496 audebit.
584 1431 746 1495 Praeterea
760 1430 787 1493 si
803 1449 972 1493 servamus
987 1425 1073 1506 άγειν
1089 1430 1229 1493 retinere
1249 1449 1382 1512 quoque

200 1573 375 1639 possumus
388 1553 582 1637 particulam
598 1574 647 1629 γε,
663 1572 738 1634 quae
754 1552 866 1615 sinon
880 1553 1015 1615 omnino
1032 1553 1224 1626 necessaria,
1238 1560 1383 1615 attamen

208 1676 379 1740 utilissima
401 1684 451 1740 est
463 1676 495 1759 ¹).

246 1845 335 1905 Ran.
352 1846 390 1920 83
428 1841 463 1918 μ’
495 1836 617 1920 σίχεσιιι
668 1839 742 1904 RV.
774 1875 818 1887 —
842 1839 960 1919 Neque
984 1836 1036 1900 hic
1071 1836 1209 1900 aliorum
1232 1838 1383 1901 codicum

235 2116 255 2179 1)
271 2116 388 2166 Eandem
404 2115 580 2166 confusionem
599 2115 684 2165 coristi
696 2121 721 2165 et
732 2117 861 2180 praesentis
871 2117 995 2166 habemus
1006 2117 1102 2179 Equr'tt.
1120 2115 1178 2180 282,
1190 2114 1234 2163 ubi
1246 2111 1384 2176 ἐξαγαγών

204 2202 231 2260 in
248 2198 347 2264 ἰξαγάν
364 2199 470 2250 mutavit
486 2201 599 2265 Porson;
616 2199 675 2248 Pac.
689 2213 742 2264 αῖς)
758 2215 805 2264 pro
824 2197 962 2261 διαγαγεῖν
973 2199 1043 2264 quod
1054 2198 1161 2248 restituit
1172 2196 1287 2246 Dindori
1294 2211 1384 2246 omnes

203 2283 304 2334 codices
329 2283 426 2333 habent
442 2280 553 2345 διάγειν;
571 2283 630 2332 Pac.
649 2295 699 2346 714
715 2297 763 2347 pro
781 2281 910 2345 άσάγιιγε
930 2283 957 2331 in
974 2283 996 2331 B
1014 2289 1051 2332 est
1068 2279 1158 2343 άπαγσ
1174 2281 1219 2337 σῦς
1244 2281 1315 2346 Vesp.
1332 2278 1384 2330 826

203 2367 316 2418 dubitari
332 2373 416 2432 potest
432 2373 515 2415 utrum
532 2381 620 2416 verum
638 2367 671 2415 sit
688 2365 825 2428 εἰσαγάγω
843 2382 877 2415 an
894 2364 992 2428 εἰσάγει
1009 2365 1080 2430 quod
1097 2381 1128 2414 ex
1145 2365 1385 2428 unoRreceperunt

202 2450 331 2517 Meineke,
367 2449 471 2514 Graves,
505 2449 615 2512 Blaydes
648 2450 717 2514 (qui:
743 2456 893 2515 „utrumque
919 2450 1028 2515 probum
1054 2449 1132 2514 est”);
1164 2449 1235 2513 Vesp.
1261 2449 1312 2510 842
1336 2461 1383 2511 pro

202 2531 298 2596 rio-cipp
323 2531 457 2596 εἰσαγάγῃ
482 2532 663 2597 rescripserunt
687 2532 782 2598 Bergk,
804 2531 917 2599 Richter,
933 2531 1053 2598 Dindorf,
1071 2531 1188 2597 Blaydes,
1206 2529 1309 2596 Graves,
1326 2544 1384 2594 pro-

202 2612 280 2661 hante
295 2611 427 2662 Meinekio
444 2615 539 2673 (annot.
558 2610 612 2661 crit.
630 2626 656 2675 p.
668 2611 772 2672 LXIX);
787 2611 858 2660 plut.
877 2610 928 2674 406
947 2611 971 2659 V
991 2617 1016 2660 ct
1036 2610 1102 2659 Cant
1121 2610 1243 2671 3habent
1261 2608 1385 2673 εἰσάγειν,

202 2695 272 2759 quod
288 2709 303 2744 e
317 2694 462 2744 coniectura
478 2693 587 2744 restituit
604 2693 686 2744 Cobet
703 2695 736 2743 ad
754 2694 879 2758 Hyperid.
897 2710 922 2759 p.
941 2708 982 2756 42.

235 2777 291 2826 Nec
308 2785 393 2827 tamen
418 2778 501 2826 audax
518 2785 554 2826 est
571 2777 715 2826 coniectura
732 2792 783 2842 qua
800 2775 916 2839 εἰσάγειν
934 2777 961 2825 in
978 2773 1088 2836 εἰσάξειν
1105 2782 1227 2825 mutatum
1244 2782 1288 2835 est.
1305 2789 1384 2824 unum

203 2867 269 2910 certe
281 2859 343 2909 novi
353 2861 448 2925 locum,
459 2859 504 2909 ubi
516 2859 580 2909 mihi
592 2875 695 2925 quoque
705 2859 769 2910 haec
780 2859 886 2910 mutatio
902 2861 1045 2910 necessaria
1057 2858 1162 2909 videtur.
1184 2859 1228 2908 Est
1244 2859 1314 2924 Vesp.
1326 2869 1385 2923 177,

203 2942 249 2994 ubi
264 2943 446 3008 Bdelycleonis
462 2943 526 2993 haec
545 2950 604 2993 sunt
619 2943 715 2993 verba:

517 3093 578 3143 ἀλλ’
597 3093 679 3143 εἰσιάιν
695 3111 737 3155 μοι
754 3095 799 3144 τδν
815 3092 868 3144 ’άνσν
885 3092 986 3156 ἰξάγειν
1004 3090 1077 3142 δσιιίἰ.

237 3243 300 3306 Quae
317 3243 381 3308 quin
397 3243 489 3293 vitiosa
506 3243 557 3293 sint
574 3242 684 3293 dubitari
702 3258 756 3292 non
775 3249 867 3308 potest,
888 3242 1022 3306 ingeniose
1040 3241 1150 3292 Cobetus
1167 3242 1209 3305 (N.
1226 3242 1256 3291 L.
1271 3256 1296 3304 p.
1315 3240 1383 3300 246):

204 3323 283 3392 „rita”
308 3323 391 3375 εἰσιών
416 3343 457 3386 μσι
483 3327 528 3376 riv
552 3324 605 3376 ’άνσν
631 3324 708 3388 'timp’
733 3323 852 3376 ’άνδσάεάῐ
871 3324 954 3388 Quem
971 3332 1055 3375 tumen
1073 3325 1095 3375 si
1113 3325 1241 3390 sequimur
1256 3337 1386 3374 sumamus

203 3415 303 3473 oportet
319 3424 419 3460 servum
435 3409 536 3459 asinum
553 3411 632 3459 domo
648 3409 794 3476 protrahere
807 3399 836 3459 ¹et
850 3409 1049 3474 Bdelycleonem
1066 3409 1150 3459 dicere
1167 3410 1245 3458 verba
1256 3407 1384 3473 proxima:

506 3556 599 3607 ιιάνάιιν
616 3558 648 3608 ἐἰ
662 3556 757 3615 κλάεις
775 3557 814 3608 tra
831 3557 959 3620 πεπράσει
975 3554 1091 3618 σήμερννς

506 3640 599 3706 βάδιζε
617 3642 717 3692 άάτσσν.
734 3641 766 3690 σι’
780 3639 885 3700 στένεις,
903 3640 926 3690 εἰ
942 3640 978 3702 μίι
995 3639 1077 3702 φέρεις

507 3722 635 3775 Ὀδυσσέα
650 3729 713 3782 τιν’;

238 3873 281 3925 Sic
305 3889 366 3924 vero
393 3889 483 3938 perum
508 3881 567 3939 apte
592 3871 685 3938 βάδιζε
710 3873 805 3923 terror
830 3873 905 3923 asino
922 3873 984 3922 dicit
1001 3872 1023 3922 is
1041 3871 1085 3936 qui
1103 3887 1161 3921 eum
1178 3886 1231 3920 non
1248 3871 1325 3930 ducit,
1343 3876 1385 3918 aut

204 3973 278 4008 servo
297 3958 362 4008 datis
378 3957 494 4008 versibus
510 3972 575 4022 quos
591 3956 667 4006 citavi
684 3970 787 4006 necesse
804 3963 843 4005 est
859 3955 929 4005 idem
947 3956 975 4006 in
991 3957 1153 4022 sequentibus
1170 3955 1234 4004 haec
1250 3954 1384 4018 loquatur:

204 4041 282 4097 miore
300 4039 355 4103 Φέρ’
368 4038 467 4101 ’ἰδαμαι
484 4037 594 4102 (ἰδαμεν
610 4039 721 4099 Richter,
736 4036 787 4088 ’ἰδσν
804 4035 856 4101 ἐγὼ
874 4055 924 4089 van
940 4037 1135 4105 Leeuwen,'liu
1148 4066 1181 4075 -
1193 4037 1233 4086 ναί
1245 4035 1387 4102 Hirschig),

203 4131 230 4173 et
245 4122 320 4173 σννσὶ
338 4123 369 4172 τά
382 4122 416 4183 ἦν,
435 4130 461 4173 et
476 4122 516 4179 τίς
534 4119 560 4171 εἰ
572 4127 634 4172 ποτ’
651 4121 757 4184 δίνίρσιιά
774 4118 854 4180 ἰσεάν,
870 4137 929 4188 quae
945 4122 1007 4173 hero
1024 4121 1105 4171 multo
1122 4122 1213 4172 melius
1230 4119 1386 4170 conveniunt

204 4223 281 4273 quam
306 4222 388 4257 servo.
413 4206 509 4256 Verum
534 4206 632 4256 invenit
657 4205 801 4272 Elmsleius,
827 4220 975 4270 proponens
1001 4202 1098 4268 ἐξάξειν
1114 4203 1178 4254 δοκῶ
1195 4204 1281 4253 -sic
1299 4204 1386 4252 omnia

204 4305 261 4354 quae
278 4298 378 4354 recepta
395 4289 486 4339 Cobeti
502 4287 650 4339 coniectura
667 4304 740 4339 servo
756 4287 925 4338 adscribenda
941 4295 1021 4347 erant,
1038 4287 1113 4337 herus
1131 4287 1184 4352 agit
1201 4293 1226 4336 et
1243 4286 1312 4336 dicit.

238 4372 416 4438 „Inconsulte”
439 4379 534 4438 contra,
551 4379 579 4422 ut
595 4387 654 4422 cum
670 4372 808 4436 Blaydesio
825 4371 924 4436 loquar,
941 4370 1055 4420 Dindorf
1069 4369 1129 4420 Pac.
1145 4386 1199 4435 439
1214 4385 1262 4434 pro
1278 4366 1385 4429 διάγειν,

204 4455 274 4521 quod
290 4467 370 4506 metro
387 4455 468 4505 invito
484 4455 580 4505 hubent
597 4455 707 4522 codices,
724 4454 843 4521 quodque
861 4454 889 4503 in
906 4451 1044 4516 διαγαγεῖν
1062 4454 1115 4502 iure
1131 4459 1260 4502 mutarunt
1274 4452 1386 4516 Lenting

205 4545 231 4587 et
248 4537 338 4606 Cobet,
355 4539 483 4604 rescripsit
500 4537 604 4602 διάξειν;
622 4537 824 4606 „inconsultius”
843 4537 919 4586 etiam
936 4536 1006 4586 idern
1017 4537 1166 4601 Blaydesius
1177 4534 1268 4598 διάξειν
1280 4535 1306 4584 in
1319 4541 1386 4584 textu

204 4620 316 4672 retinuit.
