3434 5394
811 469 851 537 53

862 636 982 705 κᾶπειθ’
1006 640 1076 724 ὃρρῖς

507 759 592 838 ὅσους
614 760 722 829 ἄνωθεν
745 763 917 846 ἐπεφόρησε
939 769 1000 830 τῶν
1023 763 1118 840 λίθων,

238 896 343 952 metro
387 889 492 952 invito
532 888 644 971 posuit
686 888 723 960 ὡς
767 887 845 971 ὁρᾷς.
900 885 1055 952 Similiter
1089 889 1127 961 ὡς
1170 889 1283 954 turbas
1325 890 1418 955 dedit

238 1022 343 1084 Nubb.
361 1023 421 1098 4⁵⁸
439 1037 527 1096 squ:

999 1162 1054 1229 ἴσθι
1078 1163 1105 1228 δ’
1130 1167 1168 1239 ὥς

439 1291 543 1354 τοῦτον
571 1288 675 1366 μαθὼν
699 1289 772 1370 παρ’
797 1288 871 1365 ἐμοῦ
894 1286 982 1360 κλέος
1005 1286 1205 1370 οὐρανόμηκες

440 1412 470 1476 ἒν
495 1412 643 1492 βροτοῖσιν
667 1407 754 1488 ἕξεις.

284 1536 386 1620 Apud
408 1535 545 1601 Suidam
568 1535 588 1598 i.
612 1557 644 1599 v.
669 1532 866 1615 οὐρανόμηκες
888 1555 949 1618 pro
973 1529 1049 1611 ἕξεις
1072 1534 1190 1620 legitur
1216 1533 1300 1615 ἕξων,
1329 1540 1415 1605 unde

238 1657 405 1722 Bentleius
427 1658 582 1722 effecerat
603 1657 781 1741 legendum
804 1677 877 1722 esse
901 1654 955 1721 tou
978 1655 1011 1720 δέ
1024 1705 1032 1721 .
1045 1706 1074 1722 ..
1096 1653 1179 1737 ἕξων,
1203 1661 1416 1744 probabiliter

238 1781 438 1845 Leeuwenio
485 1779 607 1857 iudice3
654 1781 833 1844 secundum
880 1778 1045 1845 Cobetum
1087 1790 1196 1847 autem
1239 1784 1272 1849 V
1314 1784 1417 1850 habet

281 1885 312 1916 νιν
323 1885 355 1917 m.
365 1883 402 1933 pr.

243 1932 321 2012 ἕξεις
398 1937 444 2001 ita
479 1943 515 2000 ut
549 1955 634 2001 nunc
661 1956 703 2001 ne
730 1935 879 2001 dubitem
902 1938 1036 2021 quidem
1060 1937 1138 2020 quin
1160 1959 1276 2005 verum
1298 1941 1418 2006 viderit

238 2057 414 2124 Bentleius.

284 2182 362 2246 Non
385 2180 477 2246 aliter
501 2182 748 2246 emendandum
775 2201 895 2247 censeo
918 2185 1008 2246 Plut.
1036 2201 1109 2261 nar:

312 2412 314 2416 -
372 2366 459 2443 ὀδύνη
483 2391 516 2432 σε
540 2366 608 2449 περὶ
622 2369 642 2454 ¹)
666 2366 709 2434 rui
733 2365 900 2451 σπλάγχν’
925 2366 999 2434 ἔοικέ
1022 2370 1104 2454 σις’)
1127 2367 1268 2452 στρέφειν

285 2545 451 2630 Quoniam
482 2548 570 2613 enim
598 2549 632 2612 in
655 2547 688 2612 V
711 2547 828 2633 legitur
851 2548 889 2620 ὡς
912 2546 995 2624 ἔοικε,
1017 2547 1107 2615 haud
1129 2548 1346 2634 improbabile
1368 2560 1419 2616 est

240 2669 318 2734 olim
349 2669 470 2735 lectum
494 2668 593 2734 fuisse
617 2667 749 2735 ἔοικε...
773 2669 907 2752 στρέφει,
929 2673 1019 2755 quod
1043 2671 1147 2738 multo
1171 2672 1364 2756 exquisitius
1383 2673 1415 2758 8).

284 2915 499 2998 Frequentius
522 2913 635 2980 sormae
657 2915 751 2981 verbi
775 2911 847 2980 εἶνοι
869 2924 986 3000 postea
1009 2919 1130 2985 additae
1146 2927 1230 2985 sunt.
1261 2918 1415 3001 Exempli

239 3037 345 3121 gratia
368 3037 401 3100 in
423 3043 568 3103 Nubium
586 3059 694 3104 versu
712 3061 770 3120 4²3
793 3045 903 3116 νομιεῖς
935 3038 990 3114 ἤδη
1019 3039 1078 3104 θεὸν
1101 3039 1207 3106 οὖδένοο
1232 3041 1314 3115 πλην
1337 3035 1415 3122 οἵπερ

242 3161 338 3238 ἡμεῖς,
361 3154 435 3225 εἶνιιι
457 3179 519 3245 pro
535 3160 590 3238 ἤδη
606 3162 731 3227 habent
746 3160 838 3226 VTF
853 3162 934 3229 Mut.
953 3181 983 3242 2,
1003 3163 1098 3228 Bodl.
1117 3178 1147 3247 7.
1175 3164 1258 3230 lbid.
1275 3184 1324 3228 vs.
1340 3183 1416 3245 1074

240 3509 286 3571 μιν
313 3513 429 3572 πόλισμα
447 3512 493 3568 τῆς
509 3507 750 3572 Νεφελοκοκκυγίας
765 3506 769 3576 Ι
785 3507 844 3570 δρᾶν
867 3506 925 3558 τοδὶ
940 3506 1071 3570 πάρεστιν,
1092 3507 1138 3557 ubi
1153 3506 1315 3573 probabilem
1332 3515 1417 3558 censet

239 3593 375 3643 lectionem
398 3592 490 3643 Veneti
516 3590 574 3658 δρᾷς
598 3607 645 3658 pro
671 3590 729 3653 δρᾶν
746 3590 824 3656 (δρᾶιν
844 3600 928 3641 tamen
949 3592 992 3641 hic
1010 3591 1090 3641 codex
1106 3591 1184 3642 habet
1200 3607 1249 3642 sec.
1267 3591 1414 3658 Cobetum);

238 3678 307 3742 atqui
324 3676 361 3726 sic
378 3682 459 3726 cetera
475 3674 596 3725 vertenda
612 3682 706 3725 essent:
726 3674 784 3742 „hic
800 3675 871 3726 adest
887 3690 931 3724 arx
947 3674 1217 3740 Nephelococcygiae,”
1238 3673 1309 3741 quod
1329 3689 1411 3739 neque

238 3758 325 3809 Graece
349 3775 433 3825 neque
450 3758 540 3808 Latine
557 3757 609 3808 dici
625 3773 700 3823 posse
717 3757 817 3808 videtur
832 3773 880 3823 pro
896 3757 956 3826 „hie
972 3757 1020 3807 sita
1037 3758 1099 3808 est¹'.
1132 3758 1255 3808 Praeterea
1272 3757 1369 3824 optime
1386 3773 1414 3807 se

239 3843 317 3894 habet
332 3842 443 3907 vulgata.
1218 3848 1220 3851 '

271 3925 291 3988 1)
309 3925 352 3975 Sic
367 3933 433 3976 recte
449 3926 485 3991 V3
502 3926 563 3988 πρὸς
579 3925 663 3976 ceteri.

271 4009 337 4073 ἣτε
362 4009 481 4071 στρέφειν
505 4010 530 4058 R
546 4010 583 4076 V;
608 4007 669 4060 ’ὅμοι’
694 4007 735 4059 ’ὄτι
752 4006 870 4072 στρέφειν
886 4008 964 4059 habet
980 4023 1069 4073 margo
1087 4008 1161 4058 nnius
1178 4007 1275 4059 codicis
1290 4008 1413 4075 Parisini3

239 4093 307 4142 idem
328 4093 470 4143 coniecerat
486 4092 669 4159 Hemsterhuis‚
685 4091 850 4159 probantibus
867 4091 1006 4158 Meinekio,
1022 4091 1185 4156 Kappeynio,
1202 4091 1330 4156 Velsenio‚
1347 4100 1414 4141 recte

238 4184 265 4227 nt
289 4177 394 4227 videtur.
428 4177 566 4242 vulgatam
583 4193 660 4243 quam
677 4176 753 4226 citavi
774 4177 881 4226 retinent
899 4175 1020 4242 Dindorf,
1036 4175 1129 4241 Bergk,
1145 4175 1263 4243 Blaydes,
1279 4191 1368 4226 vereor
1384 4183 1413 4226 ut

238 4268 318 4328 recte3
343 4260 406 4326 quid
430 4261 499 4311 enim
524 4268 574 4310 est:
597 4261 688 4328 „dolor
704 4260 833 4329 qnidam,”
849 4260 891 4311 vel
907 4260 998 4328 „dolor
1014 4259 1101 4310 nescio
1118 4258 1207 4325 quis''?
1240 4259 1294 4309 Alii
1311 4259 1413 4312 codices

238 4343 334 4394 habent
350 4342 518 4407 ἐπιστρέφειν,
534 4342 604 4410 quod
620 4343 728 4393 omnino
744 4341 907 4392 reiciendum.

272 4427 293 4492 ³)
311 4428 395 4479 Etiam
411 4429 497 4479 Nubb.
514 4440 563 4490 442
581 4426 662 4476 codex
678 4427 703 4476 X
719 4441 766 4492 pro
783 4423 861 4476 ἆσιιὸν
878 4423 963 4488 δείρειν
980 4425 1057 4475 habet
1073 4423 1189 4484 niceteria
1200 4424 1299 4488 δείρεινς
1314 4427 1410 4492 Equiti.

237 4525 285 4574 421
313 4512 409 4576 primus
434 4511 564 4562 Bentleius
588 4526 635 4576 pro
661 4509 692 4567 uic
717 4513 801 4570 rodda
825 4508 951 4575 rescripsit
967 4508 1064 4558 nudum
1081 4512 1177 4570 σοφῶης
1195 4510 1263 4560 idem
1280 4511 1344 4560 Avv.
1362 4509 1411 4574 287

238 4595 331 4645 delevit
348 4595 497 4660 particulam
514 4610 570 4660 quae
588 4594 615 4643 in
632 4593 752 4644 omnibus
769 4591 813 4659 qui
830 4593 916 4642 collati
934 4600 991 4643 sunt
1008 4593 1110 4642 codices
1127 4593 1229 4643 additur
1245 4600 1303 4644 ante
1319 4594 1411 4654 ἐ’τιρος.
