3434 5394
912 427 931 473 2

327 611 399 674 pas,
430 600 464 657 et
491 593 611 658 Pacem
633 613 710 658 cum
735 593 807 658 solo
831 594 893 660 Ms.
917 593 1266 660 Vaticano-Palatino:
1292 595 1532 678 Lysistratam

328 734 404 777 cum
434 715 553 780 eodem
582 715 644 780 Ms.
676 715 1013 793 Vaticano-Palatino,
1045 718 1191 801 itemque
1222 717 1420 793 Vossiano,”
1455 719 1531 784 sed

328 836 384 918 qui
406 837 577 918 quomodo
599 837 633 901 in
654 836 720 901 hoc
744 839 879 922 negotio
902 845 1050 902 versatus
1075 837 1171 903 suerit
1195 839 1349 922 equidem
1370 860 1532 924 cognos-

327 976 403 1022 cere
425 977 491 1022 non
514 959 606 1041 potui
630 995 672 1006 -
696 967 772 1043 post
794 959 972 1026 Kusternm
994 961 1095 1044 igitur
1117 959 1300 1026 Brunckius
1315 980 1404 1025 anno
1424 962 1526 1044 1783

328 1098 405 1142 cum
434 1077 693 1162 Aristophanem
723 1081 883 1146 editurus
900 1087 997 1157 esset,
1028 1080 1168 1146 libenter
1198 1081 1347 1146 oblatam
1370 1082 1432 1146 sibi
1459 1103 1526 1147 oc·

326 1201 494 1265 casionem
522 1203 657 1284 arripuit
680 1203 771 1286 ipsos
793 1196 928 1266 codices
951 1203 1148 1286 inspiciendi
1173 1203 1274 1268 etad
1298 1223 1414 1268 eorum
1438 1225 1527 1268 nor·

326 1341 415 1386 mam
437 1323 706 1406 „castigatiores”
731 1324 765 1388 in
787 1323 894 1388 lucem
916 1324 1086 1388 emittendi
1102 1323 1241 1390 fabulas.
1286 1325 1375 1391 Usus
1397 1334 1524 1391 autem

326 1453 378 1509 est
411 1445 450 1509 iis
480 1445 579 1521 libris,
612 1467 696 1530 quos
724 1446 896 1529 praebebat
926 1448 955 1511 ei
983 1447 1188 1512 Bibliotheca
1220 1448 1326 1532 Regia
1348 1447 1520 1524 Parisina,

326 1568 360 1632 A
383 1567 478 1651 (Reg.
502 1568 643 1632 Membr.
669 1570 777 1652 2712),
802 1569 829 1632 B
849 1567 1201 1652 (Reg.Chart.2715),
1223 1568 1367 1654 C(Reg.
1389 1566 1520 1633 Chart.

327 1690 435 1773 2717),
471 1690 502 1754 D
532 1690 651 1774 (Regio
680 1691 899 1774 Bombycino‚
931 1699 1008 1776 post
1038 1691 1226 1776 catalogum
1250 1691 1448 1774 impressum
1474 1691 1515 1753 in

326 1810 566 1876 Bibliothecam
604 1811 712 1888 illato;
753 1821 913 1896 praeterea
954 1811 1104 1877 adhibuit
1142 1813 1291 1877 codicem
1325 1813 1365 1887 E,
1406 1832 1516 1895 quem

325 1933 396 2017 ipse
418 1933 642 2017 possidebat).
681 1932 747 2016 Qui
771 1935 904 2000 codices
926 1934 1029 2000 multa
1051 1933 1202 2019 profecto
1236 1936 1267 1998 ei
1295 1934 1509 2018 praebebant,

327 2053 414 2118 unde
443 2075 599 2138 magnum
627 2055 888 2122 emolumentum
921 2065 1055 2139 caperet
1085 2076 1184 2140 quam
1219 2055 1359 2138 parabat
1393 2055 1515 2120 editio.

325 2174 381 2241 Sic
403 2175 548 2241 Acharn.
571 2176 638 2257 664
659 2199 721 2261 pro
745 2175 987 2254 λακαταπύγων
1010 2187 1087 2242 ante
1110 2176 1311 2242 Brunckium
1334 2177 1515 2260 legebatur

326 2295 610 2374 λακσκατατύγωι,
636 2319 730 2383 „quae
753 2320 821 2364 vox
843 2308 894 2364 est
917 2299 1029 2364 nihili”
1054 2301 1149 2383 (Br.);
1166 2300 1246 2365 ibid.
1271 2312 1357 2381 1050
1373 2301 1515 2382 antiqua

326 2418 426 2484 lectio
460 2428 531 2484 erat
563 2424 669 2494 καλῶς
702 2425 794 2485 τριῶν
825 2416 908 2494 ὅστις
939 2444 995 2501 τερ
1024 2415 1068 2499 ἦν,
1107 2422 1232 2505 optime
1258 2421 1442 2486 Brunckius
1465 2443 1515 2485 ex

326 2541 388 2605 AB
411 2542 553 2605 restituit
573 2546 678 2615 καλῶς
701 2564 740 2619 γε
763 2546 854 2606 ταῶν
876 2537 959 2614 ὅστις
982 2535 1034 2617 ἦι;
1056 2542 1160 2625 Vesp.
1189 2542 1251 2624 156
1275 2563 1324 2624 sq.
1342 2543 1512 2607 Kusterus

327 2663 494 2729 ediderat:

552 2768 585 2834 τι’
601 2763 743 2850 Ιδραὶσετ’;
767 2771 819 2834 οὐκ
842 2769 1017 2852 ἐκφρήσετ’,
1042 2764 1063 2834 ὦ
1087 2767 1276 2850 μιαρώτατε,

558 2889 682 2956 linaro
703 2889 737 2956 σι’
758 2899 792 2969 μ’

336 3037 445 3114 spreta
469 3029 631 3094 Florentis
654 3028 828 3094 Christiani
851 3029 1056 3095 coniectura:

558 3166 592 3233 τΙ
612 3165 744 3249 δράσετ’,
766 3169 818 3232 οὐκ
841 3166 1015 3251 ἐκφρήσετ’,
1038 3163 1059 3233 ὦ
1083 3167 1282 3248 μιαρώτατοι,

559 3287 724 3356 δικάσαντα
746 3314 805 3370 μσς

380 3427 464 3511 Quae
497 3429 595 3494 lectio
629 3431 707 3512 quin
740 3450 819 3494 vera
852 3431 895 3493 sit
927 3429 1027 3494 hodie
1060 3449 1159 3494 nemo
1189 3429 1335 3508 dubitat;
1367 3429 1511 3492 eandem

336 3552 516 3616 Brunckius
546 3551 722 3616 defendere
753 3561 884 3636 poterat
915 3553 1036 3616 codicis
1059 3551 1093 3615 A
1121 3551 1325 3615 auctoritate.
1349 3550 1511 3616 Sescenta

335 3674 414 3739 talia
432 3675 557 3739 invenit
578 3676 766 3758 quicunque
783 3674 936 3739 Brunckii
952 3676 1204 3740 commentarios
1218 3674 1271 3738 vel
1287 3675 1394 3739 obiter
1408 3671 1512 3738 oculis

336 3797 519 3880 perlustrat.

369 4012 390 4076 1)
416 4013 511 4063 Littera
536 4013 558 4061 B
583 4011 725 4062 Brunckius
751 4011 779 4062 in
803 4012 1017 4079 Acbamensibus,
1042 4012 1186 4079 Equitibus,
1208 4012 1309 4062 Avibus
1333 4011 1429 4061 indicat
1445 4012 1510 4076 Reg.

336 4097 421 4147 chart.
439 4107 514 4162 2715,
530 4112 606 4162 quem
622 4097 702 4146 hodie
718 4111 821 4161 quoque
838 4097 1002 4162 Bvocamus3
1019 4096 1109 4146 eadem
1124 4097 1208 4146 littera
1224 4097 1252 4146 in
1274 4095 1401 4161 Nubibus,
1411 4093 1515 4159 Vespis,

335 4181 410 4246 Pace,
434 4179 522 4246 Remis,
546 4180 622 4229 Pluto
647 4179 766 4245 designat
790 4181 857 4244 Reg.
883 4179 969 4229 Chart.
994 4188 1068 4246 2717,
1094 4179 1138 4244 qui
1157 4179 1237 4230 hodie
1254 4187 1291 4228 est
1307 4179 1340 4246 Ο,
1357 4179 1407 4228 hoc
1428 4183 1512 4227 autem

336 4264 410 4328 signo
439 4264 508 4313 hunc
536 4262 652 4313 codicem
683 4262 798 4312 nominat
823 4263 851 4313 in
877 4263 1092 4330 Acharneusibus,
1119 4263 1262 4330 Equitibus‚
1286 4261 1394 4312 Avibus.
1428 4260 1512 4324 Quem

336 4362 384 4396 nos
408 4346 486 4396 hodie
511 4347 537 4395 D
562 4362 691 4413 vocamus,
716 4348 737 4396 is
764 4363 817 4396 non
842 4345 891 4396 nisi
917 4345 945 4395 in
962 4347 1089 4414 Nubibus,
1106 4347 1195 4412 Ranis,
1211 4347 1285 4396 Pluto
1310 4345 1407 4411 citatur,
1424 4345 1512 4408 ibique

336 4429 428 4479 dicitur
452 4428 487 4496 C3
507 4430 535 4479 in
551 4429 644 4479 iisdem
660 4429 753 4479 fabulis
770 4430 815 4495 qui
831 4431 910 4480 hodie
927 4437 965 4480 est
980 4431 1012 4496 Ε,
1028 4446 1087 4480 eum
1103 4429 1245 4480 Brunckius
1267 4430 1350 4478 littera
1365 4429 1391 4477 D
1408 4426 1513 4477 indicat.

369 4513 412 4562 Me
433 4512 524 4562 iisdem
540 4512 621 4577 signis
638 4513 675 4563 nti
692 4513 786 4583 quibus
802 4514 921 4564 hodierni
939 4513 1049 4566 editores
1066 4520 1168 4564 utuntur
1184 4512 1227 4561 vix
1244 4511 1366 4577 estquod
1383 4524 1512 4560 moneam.
