3444 5396
886 481 930 548 86

318 667 364 736 ita
393 679 430 736 ut
460 669 518 736 vix
547 677 707 755 appareat
737 668 886 754 fugiendi
912 667 1116 746 consilium’'‚
1147 671 1336 754 quodcum
1360 671 1494 740 ἐκποδὼν

317 793 375 859 vix
404 801 515 878 potest
545 793 712 880 coniungi.
757 793 876 878 Longe
906 802 996 859 certe
1028 795 1136 879 aptius
1158 803 1210 859 est
1231 790 1343 873 ἄπαγε
1366 795 1493 862 σεαυτὸν

317 913 470 982 inscidi:
501 917 717 1001 „quantocius
747 916 781 982 in
811 915 924 1002 sugam
956 926 989 983 te
1012 917 1167 996 conice'‘;
1201 919 1396 1002 quibuscum
1419 921 1492 986 vide

316 1059 416 1123 quam
449 1037 535 1104 bene
568 1036 758 1103 cohaereant
790 1037 980 1122 sequentia:
1018 1059 1080 1115 „ne
1115 1059 1195 1104 mox
1227 1039 1360 1125 capitali
1390 1043 1492 1108 verbo

317 1161 463 1226 cervices
485 1161 544 1226 tibi
568 1159 780 1244 confringas·

361 1283 400 1346 ln
423 1284 576 1348 omnibus
599 1292 710 1348 autem
732 1283 903 1348 codicibus
924 1303 986 1367 pro
1009 1283 1073 1348 απὸ
1096 1283 1216 1368 legitur
1238 1283 1298 1349 οὶνοὶ
1317 1290 1399 1351 Pac.
1416 1307 1491 1351 roo:

604 1469 676 1546 τούς
698 1493 735 1534 τε
756 1473 913 1550 κοπρῶνας
934 1468 987 1535 καὶ
1011 1467 1070 1542 τὰς
1092 1468 1210 1551 λαύρας

603 1598 723 1667 καιναῖς
747 1592 908 1657 πλινθοΐσιν
931 1591 1158 1671 οὶποικοδομεῖν,

316 1771 372 1838 ubi
396 1769 611 1850 οὶποιιιοδομεῖν
633 1792 694 1856 pro
714 1767 917 1850 ἀνοικοδομεῖν
937 1792 981 1836 ex
997 1773 1144 1857 margine
1160 1772 1314 1838 editionis
1329 1773 1492 1838 Florentis

315 1895 488 1961 Christiani
520 1896 590 1960 iure
619 1903 817 1980 receperunt
840 1894 991 1972 Diodori,
1015 1894 1177 1972 Meineke,
1200 1895 1313 1979 Paley,
1337 1896 1490 1979 Blaydes‚

312 2038 377 2081 van
401 2017 613 2083 Herwerden.

356 2262 434 2327 Non
456 2260 520 2326 cirri
543 2262 697 2344 denique,
720 2262 780 2327 sed
795 2261 854 2327 riri
873 2263 1088 2346 depravatum
1105 2269 1155 2327 est
1170 2263 1204 2326 in
1219 2259 1279 2326 οὶνοὶ
1295 2266 1487 2342 Vesp.1o8:

556 2449 615 2516 ὑπὸ
639 2456 703 2523 τοῖς
725 2447 805 2528 ὄνυξι
827 2450 912 2532 κηρὸν
934 2450 1227 2530 ὑποπεπλασμένος,

310 2630 367 2696 ubi
398 2627 681 2708 ἀναπεπλασμένος
710 2649 754 2694 ex
775 2631 969 2694 auctoritate
993 2631 1145 2695 codicum
1168 2629 1232 2694 VR
1255 2631 1487 2713 rescripserunt

310 2752 452 2819 editores
474 2754 674 2817 recentiores
696 2760 815 2836 praeter
837 2754 1072 2818 Leeuwenium
1088 2763 1123 2817 et
1137 2752 1360 2835 Blaydesium.
1397 2751 1485 2834 Quid

309 2885 420 2941 tamen
455 2874 616 2960 significet
649 2873 932 2954 ἀναπεπλασμένος
965 2876 1045 2939 mihi
1080 2877 1212 2958 quidem
1247 2875 1485 2939 subobscurum

310 3008 375 3077 est;
407 2995 692 3076 ὑποπεπλασμένος
714 3017 793 3062 vero
824 2999 903 3061 satis
926 2996 1113 3062 defenditur
1135 2997 1288 3080 analogia
1310 2998 1403 3062 verbi
1427 2997 1486 3061 La·

309 3122 369 3186 tini
392 3121 565 3186 sublinere.

354 3331 436 3397 Haec
458 3332 625 3397 habebam
648 3352 724 3415 quae
747 3332 790 3402 de
812 3331 1099 3414 praepositionibus
1121 3331 1205 3396 inter
1228 3351 1264 3394 se
1286 3330 1430 3395 confusis
1453 3333 1487 3395 in

309 3456 454 3520 medium
475 3453 668 3539 proferrem.
714 3453 808 3518 Duos
830 3462 943 3517 tamen
966 3451 1074 3516 adhuc
1096 3453 1187 3516 locos
1210 3452 1333 3517 addere
1356 3453 1436 3517 libet
1452 3453 1485 3517 in

307 3577 427 3661 quibus
457 3577 646 3661 praepositio
678 3572 730 3640 ἐπὶ
761 3596 828 3640 non
859 3596 934 3638 cum
965 3573 1030 3654 alia
1060 3575 1303 3658 praepositione,
1326 3575 1385 3638 sed
1409 3595 1485 3638 cum

307 3698 469 3783 particula
492 3696 537 3764 ἔτι
562 3708 683 3775 certat;
701 3718 776 3781 quae
792 3719 891 3781 quam
908 3696 1003 3761 facile
1019 3697 1102 3760 inter
1114 3717 1150 3760 se
1166 3697 1357 3761 commutari
1371 3706 1485 3781 potue·

308 3821 381 3896 rint,
405 3839 504 3884 nemo
526 3840 593 3884 non
617 3819 769 3904 intelligit
784 3820 817 3903 ¹).
863 3818 953 3882 Prior
975 3818 1066 3882 locus
1089 3827 1140 3883 est
1161 3823 1268 3885 Nubb.
1287 3835 1364 3896 720:

596 3988 649 4056 καὶ
675 3988 750 4073 πρὸς
771 3987 890 4064 τούτοις
912 3987 965 4054 ἐπὶ
988 3995 1066 4055 τοῖσι
1087 3996 1194 4065 κακοῖς

649 4109 780 4194 Φρονμοὶς
802 4110 882 4195 ᾄδειν

596 4232 699 4311 ὀλίγον
722 4231 851 4315 φροῦδος
874 4230 1053 4311 γεγένημαι.

338 4446 358 4510 l)
374 4447 496 4497 Praeterea
512 4448 567 4498 haec
583 4448 700 4498 confusio
717 4448 744 4498 iu
763 4447 895 4497 nonnullis
912 4447 1045 4497 codicibus
1062 4455 1141 4498 exstat
1165 4449 1234 4513 Vesp.
1253 4462 1311 4516 212,
1328 4450 1397 4500 Plut.
1410 4452 1483 4518 1116,

308 4542 369 4592 1131
397 4530 438 4594 (de
463 4546 514 4596 quo
539 4531 598 4580 loco
623 4530 656 4581 cf.
674 4547 749 4596 supra
766 4547 790 4596 p.
809 4533 858 4596 53).
893 4529 963 4592 Quin
979 4531 1048 4580 Ran.
1069 4542 1114 4597 197
1132 4529 1159 4580 εί
1170 4548 1210 4589 τις
1226 4529 1332 4581 ἐπιπλεῖ
1347 4530 1482 4584 σπευδέτω

306 4613 360 4664 iure
376 4613 498 4666 Kusterus
513 4612 621 4666 ἐπιπλεῖ
636 4616 663 4665 in
680 4613 719 4664 'tra
738 4616 802 4665 πλεῖ
815 4613 957 4682 mutaverit,
974 4630 1051 4666 nemo
1067 4615 1146 4666 hodie
1163 4615 1268 4668 dubitat.
