3444 5396
766 442 808 510 59

198 615 358 681 collocato
382 615 486 680 multo
510 616 635 694 melius,
660 626 695 680 ut
717 617 856 693 videtur,
873 619 904 681 in
922 617 1024 683 altero
1038 640 1082 682 ex
1096 620 1204 702 priore
1221 619 1378 701 repetitur

198 739 398 804 adiectivum
422 735 565 819 ἄκρατον.

241 862 370 927 Eadem
392 863 519 928 ratione
542 871 647 928 tracto
671 869 759 931 Ran.
779 883 849 945 759,
875 863 931 929 ubi
956 865 989 928 in
1013 865 1147 929 Veneto
1170 864 1306 949 legitur:

332 1041 424 1100 ΞΑΝ.
447 1028 477 1100 αἶ.
502 1042 580 1099 ΟΙΚ.
601 1036 749 1115 τραγμα,
776 1037 910 1116 τραγμα
934 1034 1088 1110 κεκίνηται
1112 1033 1210 1113 μέγα,

195 1209 275 1291 quin
297 1227 450 1292 perverse
474 1207 626 1272 dubitare
649 1216 741 1272 vetat
764 1217 914 1272 metrum.
948 1206 1016 1272 Sed
1040 1209 1144 1292 magis
1167 1208 1266 1272 etiam
1294 1207 1372 1272 mihi

197 1347 348 1432 displicet
371 1345 509 1411 aliorum
532 1347 685 1410 codicum
711 1344 810 1410 lectio

396 1511 482 1582 νῖ.-
496 1519 632 1598 τραγμα
656 1519 792 1600 πρᾶγμα
816 1517 877 1600 γαρ
900 1516 1051 1595 κεκίνηται
1076 1517 1174 1597 μέγα,

196 1695 296 1758 quam
338 1675 453 1740 iniuria
495 1695 669 1740 revocasse
707 1674 785 1739 mihi
820 1676 949 1740 videtur
983 1695 1048 1740 vau
1083 1676 1258 1740 Leeuwen.
1306 1674 1375 1739 Alii

197 1798 329 1861 codices
350 1797 489 1862 habent:

374 1945 406 2016 αἶ.
420 1954 613 2032 -ντρῖιγμα
637 1953 773 2032 τρίιγμα
798 1950 919 2031 σφόδρα
942 1950 1095 2025 κεκίνηται
1119 1949 1216 2030 μέγα,

194 2104 247 2170 vel
277 2103 358 2170 τείνν
388 2130 451 2171 κεκ.
480 2103 585 2184 μέγα;
615 2126 691 2189 quae
721 2106 885 2170 vocabula
915 2106 1008 2170 metri
1039 2127 1139 2171 causa
1161 2106 1275 2171 addita
1298 2127 1371 2171 esse

195 2236 343 2310 apparet.
390 2228 477 2310 Quin
501 2249 614 2293 verum
637 2230 818 2293 servaverit
840 2228 1025 2305 Ravennas‚
1049 2230 1104 2312 qui
1128 2229 1247 2294 habet:

373 2376 404 2447 τί.
422 2421 458 2429 -
476 2386 622 2464 πρᾶγμα,
646 2385 785 2464 πρᾶγμα
809 2382 898 2462 μέγα
921 2383 1073 2458 κεκίνηται
1097 2382 1195 2462 μέγα,

83 2559 85 2564 ’
195 2538 284 2602 haud
307 2537 458 2622 ambig0;
482 2557 558 2620 quae
581 2538 657 2602 vide
680 2559 779 2621 quam
802 2539 934 2624 egregie
959 2539 1104 2624 explicet
1127 2560 1157 2604 v.
1183 2541 1215 2603 d.
1240 2539 1316 2604 Van
1329 2539 1372 2604 de

196 2661 308 2727 Sande
331 2660 529 2744 Bakhuijzeu
552 2661 605 2745 (de
629 2661 746 2725 Parod.
770 2683 802 2744 p.
833 2663 922 2746 148):
949 2661 1104 2740 „Aeacus
1128 2660 1162 2747 (i)
1178 2661 1314 2726 simulac
1330 2663 1372 2726 de

195 2785 354 2868 Euripide
376 2804 484 2847 sermo
508 2782 553 2859 fit,
577 2784 691 2868 spiritu
708 2783 887 2868 Euripideo
903 2787 996 2867 quasi
1012 2785 1141 2849 inflatus
1158 2785 1227 2849 eius
1244 2786 1375 2849 dicendi

195 2926 300 2992 genus
317 2905 492 2970 imitatur.'‘
518 2905 734 2969 Notissimum
750 2908 838 2970 enim
855 2916 905 2971 est
924 2905 1101 2971 verborum
1116 2907 1199 2971 tales
1212 2907 1373 2990 repetitio·

198 3048 257 3092 nes
280 3027 429 3111 Euripidi
450 3028 483 3090 in
507 3026 632 3091 deliciis
655 3026 753 3092 fuisse
774 3027 825 3111 (ci.
843 3048 907 3092 van
923 3027 1086 3092 Leeuwen
1102 3030 1146 3092 ad
1163 3029 1246 3093 Rau.
1265 3028 1372 3114 1336).

245 3151 316 3215 Nec
339 3158 448 3214 tamen
472 3148 560 3227 mihi,
578 3158 613 3213 ut
625 3149 833 3225 Leeuwenio,
850 3155 956 3215 Nubb.
976 3156 1040 3230 679
1067 3151 1267 3215 restituenda
1283 3151 1371 3215 vide-

198 3284 252 3339 tur
273 3275 370 3338 lectio
394 3274 539 3338 omnium
563 3273 713 3338 codicum
735 3282 854 3357 praeter
877 3273 941 3337 RV
957 3274 977 3358 ¹)
1001 3274 1043 3350 A,
1065 3295 1140 3356 quae
1163 3273 1298 3358 vulgata
1313 3271 1372 3337 fuit

198 3406 276 3471 aute
303 3396 547 3460 Hermannum:

332 3559 420 3615 ΣΤΡ.
443 3550 500 3625 την
522 3548 677 3631 καρδόπην
701 3550 837 3625 diuum
857 3558 928 3614 ΣΩ.
952 3550 1095 3632 ν’ρίίτεμν
1119 3550 1228 3628 λέγεις,

198 3736 259 3798 pro
283 3714 369 3794 ὀρθῶς
388 3712 449 3795 γὰρ
470 3711 587 3789 λέγεις
604 3714 661 3777 vix
672 3705 763 3777 'enim
779 3715 826 3778 sic
842 3715 949 3779 omitti
965 3735 1064 3800 posse
1079 3715 1207 3781 videtur
1215 3715 1375 3800 particula

197 3837 303 3922 qualis
326 3847 376 3902 est
400 3835 471 3912 ἥδη;
497 3835 583 3915 &pouq
606 3833 666 3917 γνίρ
690 3846 803 3902 contra
827 3837 905 3902 satis
929 3837 1114 3902 defenditur
1137 3838 1218 3902 locis
1242 3838 1372 3921 aBlay-

198 3961 291 4025 desio
314 3958 437 4034 allatis3
462 3979 661 4042 quamquam
681 3959 758 4023 mihi
775 3980 915 4042 quoque,
932 3961 1016 4025 sicut
1034 3961 1242 4038 Leeuwenio,
1258 3961 1374 4026 melius

198 4081 343 4166 placeret
368 4080 454 4161 ὀρθῶς
476 4084 524 4144 νῦν
551 4078 660 4157 λέγεις.

229 4261 250 4323 1)
267 4261 297 4310 In
324 4261 375 4310 hoc
400 4269 485 4310 tamen
510 4259 599 4310 codice
616 4260 693 4309 verba
712 4257 811 4317 θήλειαν
828 4287 860 4296 -
878 4259 964 4322 λέγεις
982 4260 1122 4310 secundum
1139 4260 1263 4312 Cobetum
1280 4262 1374 4312 omissa

196 4351 261 4394 suut.
296 4343 413 4394 Ceterum
438 4344 465 4393 in
483 4343 615 4393 codicibus
632 4351 698 4393 totus
715 4359 801 4392 versus
819 4343 913 4393 iniuria
930 4344 1068 4409 Strepsiadi
1085 4344 1213 4411 tribuitur3
1231 4345 1373 4410 Reisigium

195 4435 279 4477 autem
296 4435 321 4476 et
336 4427 483 4493 Bergidum,
500 4427 544 4492 qui
562 4427 638 4477 etiam
655 4424 754 4484 ίηλειαν
771 4425 870 4476 Socrati
887 4427 1018 4495 dederunt,
1035 4428 1125 4478 erroris
1142 4429 1224 4495 arguit
1240 4428 1311 4479 locus
1328 4431 1374 4479 ubi

195 4511 278 4578 posita
295 4519 332 4560 est
349 4510 472 4576 particula
489 4509 548 4573 γάρ.
