3434 5394
880 553 922 624 50

309 725 343 790 in
367 727 483 792 ceteris
505 735 610 792 metro
640 726 742 791 invito
766 726 885 810 legitur
908 725 937 790 ἕν
960 726 1090 808 σοι’γορρῖ,
1117 728 1204 792 unde
1231 727 1346 792 iniuria
1369 726 1430 792 οὐδ’
1455 725 1484 790 ἐν

308 851 428 932 τόγορρῖ
456 850 636 926 Hermann,
654 849 773 934 Bergk,
791 848 955 924 Meineke,
980 849 1009 912 ἐν
1034 850 1153 930 τάγορᾷ
1178 848 1209 912 τ’
1233 849 1367 926 οὶγὲνειος
1391 849 1485 922 οὐδεὶς

308 971 452 1054 οὶγορόσει
485 972 600 1050 Koclr3
636 974 683 1037 sic
717 972 773 1036 ubi
804 980 911 1037 certus
946 972 1080 1055 quidam
1112 972 1312 1057 significatur
1340 974 1372 1036 in
1403 973 1484 1036 urbe

307 1095 411 1173 100113,
434 1095 550 1161 Graece
572 1096 689 1161 dicitur
711 1095 740 1159 ἕν
765 1093 863 1172 πόλει,
888 1115 954 1159 non
978 1095 1007 1158 ἐν
1029 1102 1069 1175 τῇ
1094 1092 1191 1159 σόλοι.

352 1219 481 1284 Eodem
505 1219 606 1283 modo
630 1218 714 1283 Ran.
743 1233 806 1299 302
829 1217 863 1281 in
886 1216 1048 1282 nonnullis
1074 1218 1244 1282 deterioris
1260 1218 1384 1282 ordinis
1397 1219 1484 1283 codi-

306 1341 401 1406 cibus
415 1362 476 1424 pro
497 1336 591 1405 οτόντ’
607 1337 713 1417 οὶγαόό
730 1339 850 1424 legitur
866 1336 972 1403 πόντοι
988 1336 1116 1416 «renutu
1137 1349 1242 1405 metro
1257 1341 1481 1422 sententiaque

307 1463 427 1540 invitis,
457 1483 534 1528 nam
565 1462 746 1528 formularis
778 1471 829 1526 est
851 1463 975 1528 locutio
1005 1461 1086 1527 illud
1110 1460 1204 1526 τίετ’
1228 1459 1344 1540 οὲγοιίό.
1391 1463 1482 1526 Idem

306 1595 417 1651 tamen
446 1586 560 1650 vitium
591 1585 676 1650 redit
706 1585 791 1651 Plut.
823 1599 886 1666 593
919 1593 953 1650 et
989 1601 1067 1647 1121
1096 1584 1129 1647 in
1152 1584 1185 1648 V
1209 1594 1242 1648 et
1265 1584 1375 1649 multis
1399 1584 1479 1661 aliis,

305 1709 389 1774 Plut.
424 1725 509 1790 1190
539 1709 573 1772 in
595 1706 691 1772 Bodl.
716 1722 754 1789 7;
779 1706 961 1790 eademque
977 1706 1019 1769 de
1035 1725 1134 1769 causa
1152 1709 1234 1770 Pac.
1252 1726 1323 1786 1334
1346 1707 1481 1770 omnino

306 1830 470 1895 reicienda
493 1838 543 1895 est
565 1829 732 1914 Blaydesii
754 1827 942 1892 coniectura
965 1847 1026 1912 pro
1049 1824 1175 1903 τόγαίοὶ
1199 1830 1247 1891 νῦν
1264 1823 1349 1908 ἔχεις
1363 1847 1482 1913 propo·

306 1952 413 2017 nentis
435 1949 563 2027 τοὶγαόόο
587 1948 681 2015 στάντ’
706 1947 792 2032 ἔχεις
809 1950 839 2034 ¹).

350 2197 389 2260 In
412 2202 556 2264 Nublnm
574 2216 682 2262 versu
699 2201 760 2261 622
780 2192 797 2269 ἢ
813 2192 865 2257 τόν
878 2192 1063 2274 Σαρπήδοιοι
1076 2214 1137 2277 pro
1150 2191 1166 2268 ἢ
1179 2191 1363 2273 Σαρσήδονοι
1376 2201 1481 2259 metro

305 2319 409 2384 invito
431 2319 557 2383 habent
580 2318 712 2383 codices
735 2325 852 2402 praeter
876 2316 939 2380 Vn
955 2317 1064 2400 (etiam
1081 2309 1308 2381 Ravennatem
1323 2314 1388 2381 hoc
1403 2316 1482 2380 vitio

307 2497 503 2512 ἢ

203 2579 205 2582 ’
305 2594 447 2644 contendet.
482 2594 573 2659 Neque
596 2595 622 2643 τ’
649 2591 729 2658 (quod
755 2600 792 2642 est
815 2592 842 2641 in
859 2593 892 2658 R,
910 2592 954 2657 qui
971 2599 1091 2657 praeterea
1106 2593 1184 2644 habet
1201 2591 1226 2642 ἐν
1242 2592 1268 2644 τ’
1286 2590 1377 2655 ἆγορᾶι
1394 2589 1483 2653 οόδεῖς)

305 2678 364 2727 ferri
387 2683 477 2743 potest.
511 2676 590 2727 Hand
607 2676 692 2742 inepte
709 2677 794 2742 itaque
810 2675 946 2727 exclames:
965 2677 1044 2743 „quin
1061 2677 1137 2741 igitur
1153 2677 1304 2742 quantocius
1321 2676 1423 2742 reponis
1440 2677 1481 2736 γ’;

304 2761 355 2810 hoc
380 2761 449 2811 enim
474 2761 570 2826 optime
596 2759 720 2825 explicare
743 2773 884 2826 possumus,
901 2759 1061 2809 recordantes
1079 2757 1136 2809 otti
1153 2775 1207 2810 esse
1225 2757 1253 2808 οἷο
1271 2787 1303 2798 -
1320 2758 1356 2818 δό,
1375 2766 1399 2809 et
1416 2758 1482 2807 nihil

305 2845 348 2894 hic
364 2844 448 2910 aptius
465 2859 612 2910 essequam
629 2840 673 2893 δι’.
685 2859 733 2904 ,γε
751 2851 809 2908 post
826 2858 910 2892 versus
930 2843 994 2908 1369
1011 2858 1081 2909 sqq.:

589 2925 669 3010 ’exart'
684 2958 791 3016 όσλίτνς
808 2956 913 3016 ἐντεθεὶς
930 2956 954 3009 ἐν
973 2960 1111 3022 καταλόγῳ

589 3041 669 3101 οὐδεὶς
686 3043 755 3092 κατὰ
771 3041 885 3100 σπονδᾶς
901 3039 1162 3105 μετεγγραφήσεται,

588 3126 648 3176 ἀλλ’
666 3124 749 3187 όίσντερ
767 3123 795 3184 ἦν
812 3125 842 3175 τό
860 3130 958 3187 πρῶτον
975 3121 1183 3186 ἐγγεγράψεται.

306 3245 387 3296 Aliter
411 3251 497 3295 tamen
521 3242 673 3308 Lentingius
700 3247 724 3291 et
749 3240 907 3308 Blnydesius,
932 3241 976 3307 qui
1002 3242 1027 3290 τ’
1051 3240 1079 3290 in
1097 3241 1130 3290 ’τ’
1147 3238 1206 3304 (irc)
1225 3247 1349 3291 mutantes
1366 3242 1482 3292 voculam

306 3328 460 3378 addiderunt
475 3343 531 3392 quae
547 3325 653 3375 minime
671 3325 819 3392 necessaria,
837 3325 984 3375 deleverunt
1001 3339 1057 3390 quae
1075 3324 1212 3388 aptissima.

339 3411 359 3473 1)
375 3409 423 3462 Cff.
449 3411 482 3460 de
506 3409 554 3458 hac
579 3409 708 3459 locutione
731 3408 842 3458 Acham.
860 3407 917 3474 982,
935 3409 1000 3458 Avv.
1019 3405 1076 3474 587,
1096 3407 1167 3474 1706,
1185 3408 1251 3459 Rnn.
1268 3419 1327 3474 302,
1343 3407 1407 3458 Plut.
1426 3418 1483 3473 593,

309 3508 369 3545 1121
394 3495 491 3560 (ibique
516 3493 712 3560 Hemsterhuis),
739 3505 812 3558 1190,
838 3491 941 3555 Lysistr.
962 3501 1035 3556 1045,
1051 3489 1184 3540 Pherecrat
1202 3489 1232 3540 ir.
1252 3489 1318 3557 108¹,
1334 3491 1433 3556 Theop.
1451 3490 1483 3541 fr.

306 3577 339 3642 38
364 3579 425 3644 (Κ),
450 3579 515 3628 Xen.
541 3576 574 3626 de
598 3576 638 3626 Re
654 3575 770 3642 Eqmstri
788 3576 801 3624 1
818 3575 832 3641 5
850 3588 874 3641 2,
892 3574 989 3624 Herod.
1006 3574 1033 3624 1:
1056 3575 1110 3624 126.
1145 3573 1245 3624 Eodem
1261 3573 1340 3623 modo
1357 3574 1483 3622 Dobraeus

308 3661 385 3726 (Adv.
411 3660 472 3711 Crit.
498 3659 546 3712 Ed.
565 3659 718 3710 Scholefield
733 3660 746 3708 I
763 3675 789 3725 p.
806 3659 865 3722 476)
885 3658 1020 3708 articulum
1037 3657 1132 3707 delevit
1149 3657 1217 3722 apud
1234 3657 1367 3708 Demosth.
1385 3657 1482 3724 XXIII,

306 3745 320 3813 5
340 3759 396 3812 194,
420 3743 496 3794 simul
521 3758 628 3794 monens
645 3742 723 3793 aliam
744 3757 798 3792 esse
814 3757 868 3792 rem
885 3741 913 3790 in
930 3738 1084 3805 Antiphauis
1103 3741 1192 3804 (immo
1209 3741 1321 3806 Diphili)
1341 3741 1483 3805 fragmento

306 3828 376 3896 apud
401 3829 552 3878 Athenaeum
568 3827 606 3876 IX
622 3843 647 3893 p.
665 3837 716 3891 370
732 3826 754 3875 F
772 3825 860 3891 (Diph.
878 3825 908 3875 fr.
930 3824 1020 3887 14l():
1039 3824 1092 3882 ίίνιει
1109 3825 1225 3886 φερόμεν’
1242 3821 1378 3886 αὐτόματοι
1395 3822 1483 3873 πάντα

306 3911 412 3976 τοὶγαόὰ
427 3913 431 3980 Ι
448 3911 562 3975 ῥάφανος,
588 3912 684 3974 λιπαρὰ
711 3907 894 3973 σπλαγχνίδια
910 3909 998 3958 πολλὰ
1015 3906 1075 3964 νοτίς
1093 3907 1131 3958 ibi
1148 3909 1218 3958 enim
1235 3907 1323 3958 πάντα
1342 3908 1378 3957 τα
1395 3905 1483 3970 όγαόό

305 3997 432 4062 significat
447 4011 536 4046 omnes
554 3995 612 4045 illos
628 3996 711 4044 bonos
728 3994 800 4044 cibos
817 3993 902 4058 potius
918 4007 995 4058 quam
1011 3991 1138 4057 quidquid
1155 3991 1218 4041 boni
1235 3998 1314 4042 exstat
1329 3991 1404 4055 (01.1.
1417 3993 1483 4041 Her·

306 4080 408 4130 werden
426 4079 460 4129 ad
476 4080 534 4129 Pac.
551 4067 602 4142 436
618 4084 644 4128 et
660 4091 735 4142 supra
751 4092 777 4142 p.
794 4088 827 4140 32
845 4077 899 4140 sq.).

340 4161 521 4228 Comparandn
544 4177 646 4227 quoque
671 4166 728 4211 sunt
751 4157 796 4209 illa
813 4156 877 4223 ’ίζινν
894 4155 920 4208 όν
937 4159 1003 4206 πᾶσι
1020 4155 1131 4222 λαγῴοις
1148 4157 1234 4224 (Vesp.
1253 4160 1310 4222 709)
1328 4163 1352 4207 et
1370 4156 1435 4219 timp
1453 4160 1483 4217 μ’

306 4244 445 4308 ἐτρεφέτην
462 4241 488 4296 ἓν
504 4247 569 4294 πᾶσι
586 4244 697 4306 βολίτοις
714 4243 834 4305 (Acheru.
856 4243 935 4303 1026),
953 4247 977 4290 et
985 4237 1011 4290 ἐν
1020 4243 1100 4289 πᾶσιν
1109 4239 1221 4303 ἀφθόνοις
1229 4241 1302 4304 (Xeu.
1313 4240 1397 4290 Anah.
1412 4241 1448 4289 IV
1458 4250 1482 4306 5,

306 4331 358 4394 29).
375 4357 408 4366 -
425 4328 493 4378 Vide
509 4328 585 4378 etium
602 4326 708 4390 Bentley
725 4327 757 4376 ad
771 4325 919 4374 Callimaeh.
937 4324 1026 4390 Epigr.
1044 4324 1110 4374 LIV.

340 4412 418 4478 Apud
434 4411 538 4476 Lysiam
554 4411 617 4460 XII:
630 4421 662 4473 33
680 4408 817 4474 legendum
834 4407 897 4457 mihi
913 4403 1482 4472 1111011111ὥστ’ἒτὶτσότοιςὲστῖτάντα[τᾶ]

307 4495 374 4546 nuxit
397 4490 571 4557 εἰργασμένοις
595 4492 643 4550 τὴν
668 4493 750 4549 πόλιν,
773 4488 850 4540 στάντ’
877 4487 965 4552 hyatu
991 4492 1048 4557 (pro
1074 4487 1162 4539 πάντα
1187 4487 1302 4551 τάγαθὰ)
1326 4487 1384 4550 περὶ
1399 4485 1485 4538 αότόίν

306 4575 393 4640 λόγειν
410 4605 443 4614 --
460 4582 485 4625 et
510 4575 578 4640 apud
604 4575 698 4624 Andoc.
725 4576 753 4623 de
777 4574 855 4638 Myst.
875 4568 1483 4640 55111λλοίίτεγ1ερ11νετάνσ’ἇγαόὰίρτο

307 4660 395 4711 πάντα
412 4658 526 4723 τόγαόίε)
544 4658 611 4722 lxm
629 4660 778 4722 στερόμενος
795 4659 841 4715 τῆς
857 4655 978 4719 πατρίδος
994 4653 1039 4706 οἷον
1057 4655 1086 4706 ἃν
1103 4652 1232 4719 δεξαίμην.
