3444 5396
747 492 787 560 95

220 677 413 761 Praepositio
437 675 497 741 rir—
530 676 563 740 in
586 675 619 740 V
643 684 677 741 et
700 675 809 741 multis
831 675 901 740 aliis
917 695 1019 759 prave
1036 685 1111 740 ante
1129 674 1178 740 θὼν
1194 673 1355 740 collocata

175 809 227 866 est
248 804 377 880 Equitt.
398 819 476 880 970:

420 935 473 1002 καὶ
498 937 561 1016 μὴν
585 933 684 1013 ἔνεγκ’
707 935 820 1008 αὐτοὺς
844 936 903 1011 θὼν,
926 934 961 1001 ἵν’
987 931 1094 1002 σὺσισθ
1140 950 1144 958 ’

421 1060 523 1125 αὐτῶν
545 1056 672 1141 ιθκσθσιι,

173 1215 265 1298 quod
281 1215 555 1280 considerandum
570 1223 621 1278 est
632 1214 665 1277 in
676 1214 905 1280 constituenda
916 1235 996 1279 vera
1006 1213 1147 1278 lectione
1159 1219 1266 1292 Vesp.
1277 1219 1354 1278 606.

174 1336 240 1400 Hic
263 1336 351 1401 enim
373 1356 487 1401 versus
509 1337 544 1400 in
567 1336 600 1401 V
624 1337 670 1401 sic
694 1337 833 1401 traditus
859 1344 927 1401 est:

242 1479 257 1552 ὃ
281 1485 314 1551 δέ
338 1487 371 1564 γ’
396 1483 516 1562 ἥδιστον
539 1485 654 1552 τούτων
677 1485 760 1553 ἐστὶν
784 1484 918 1563 παντων,
938 1482 972 1552 οὗ
991 1487 1047 1564 ’γὼ
1070 1485 1286 1567 ’σιλελιθσμνκ

242 1605 318 1674 ὅταν
343 1606 439 1674 οἴκαδ’
466 1606 498 1673 io
522 1609 573 1674 τὸν
597 1609 700 1688 μισθὸν
723 1605 806 1690 ἔχων
828 1605 901 1694 κᾷτ’
925 1609 1002 1693 (καθ’
1024 1630 1088 1674 sec.
1110 1609 1287 1695 Cobetum)

898 1729 1104 1820 [εἷσιικθνθαμε
1127 1728 1243 1805 σιθνσες

243 1817 447 1901 ἀσπάζωνται
471 1817 522 1884 διαὶ
545 1819 715 1902 σαργθρισν.

219 1958 330 2043 Quam
360 1959 544 2036 lectionem,
574 1956 769 2038 εθσνκθνθαμε
798 1961 832 2024 in
856 1957 1015 2035 εἶσθκινσιθ
1039 1983 1080 2039 με
1102 1969 1239 2040 mutato,
1263 1983 1351 2028 rece·

174 2091 295 2168 petunt
317 2080 471 2146 Meineke
494 2090 529 2145 et
551 2081 697 2147 Richter.
744 2083 929 2147 Pronomen
951 2091 1064 2150 tamen
1087 2106 1128 2162 με
1144 2084 1354 2149 etiamsinon

172 2226 308 2290 prorsus
341 2203 498 2279 abundet,
533 2202 716 2288 elegantius
746 2213 857 2270 tamen
888 2205 991 2270 abest.
1039 2206 1113 2270 Hac
1145 2216 1234 2272 certe
1261 2208 1294 2271 in
1319 2215 1354 2272 re

172 2335 332 2412 praestant
354 2326 486 2391 codices
510 2326 541 2389 R
564 2334 599 2390 et
614 2325 651 2402 C,
667 2327 723 2409 qui
746 2327 817 2391 haec
833 2326 975 2391 habent:
991 2323 1110 2393 κᾶπειθ’
1129 2324 1263 2413 (κᾶπειτ’
1278 2328 1320 2414 R)
1333 2329 1354 2415 ¹)

173 2450 314 2527 εἰσήκινθ
344 2443 415 2527 ἅμα
447 2445 578 2524 revue
610 2450 773 2532 equibus
795 2450 907 2535 proice
934 2451 1202 2535 praepositionem
1225 2450 1295 2525 εἶσ-,
1319 2460 1353 2516 et

173 2576 277 2640 habes
299 2572 477 2638 lectionem
499 2593 575 2657 quae
598 2571 631 2635 in
655 2572 822 2637 codicibus
845 2581 867 2635 B
891 2581 924 2636 et
949 2580 976 2636 Δ
994 2583 1133 2650 servata,
1150 2594 1170 2639 a
1186 2575 1350 2639 Brunckio

173 2699 332 2774 restituta,
356 2695 399 2760 ab
424 2695 621 2779 Hirschigio‚
638 2694 789 2779 Bergkio,
805 2695 1014 2774 Leeuweni0,
1031 2695 1163 2761 Starkio
1178 2696 1353 2782 (probante

174 2820 363 2904 Blaydesio)
385 2826 520 2901 recepta
543 2826 611 2882 est:
635 2813 755 2882 κᾶπειθ’
781 2813 874 2891 ἥκονθ’
899 2811 970 2896 ἅμα
994 2815 1128 2895 σθνσες;
1146 2840 1254 2902 neque
1270 2840 1354 2903 opus

175 2952 225 3009 est
256 2942 322 3007 ulla
351 2942 533 3006 mutatione
565 2935 647 3025 (κᾷτ’
681 2937 834 3005 εἰσελθθνθ
867 2933 939 3018 ἅμα
970 2936 1087 3015 σαντες
1110 2962 1154 3006 ex
1177 2940 1353 3026 Hirschigii

173 3068 365 3132 coniectura
387 3039 490 3130 edidit
512 3065 675 3148 Blaydes;
698 3059 771 3146 κᾷτ’
797 3059 955 3138 εἰσθκσνσιθ
976 3062 1010 3141 μ’
1029 3057 1169 3136 ἑθνιανσες
1184 3065 1355 3149 proposuit

173 3189 345 3255 Wecklein
375 3225 421 3236 -
443 3195 478 3252 at
500 3187 634 3252 nimiam
655 3187 723 3251 vim
744 3185 798 3250 hic
826 3184 928 3250 habet
955 3179 1114 3271 o‘r'rroeursc).
1138 3225 1176 3236 -
1207 3186 1352 3252 Omnino

172 3321 286 3378 tamen
309 3310 378 3374 fieri
402 3331 468 3374 non
489 3329 590 3393 posse
613 3316 649 3373 ut
671 3317 773 3392 poeta
795 3308 829 3372 id
853 3309 1017 3392 scripserit
1048 3311 1139 3393 quod
1162 3308 1353 3373 Dindortius

174 3444 208 3499 et
232 3433 408 3498 Gravesius
431 3432 615 3508 ediderunt,
639 3426 711 3514 κᾷτ’
735 3429 877 3505 εἶσθκσνθ
902 3424 974 3508 ἅμα
998 3427 1124 3508 σαντες,
1148 3452 1190 3496 ne
1206 3451 1271 3515 ego
1286 3431 1355 3514 qui·

174 3557 251 3622 dem
276 3555 479 3641 negaverim.

219 3734 338 3800 Melius
361 3739 521 3814 Equitum
548 3739 668 3800 versui
694 3738 758 3812 655
776 3731 979 3798 consuluisse
1004 3733 1081 3798 mihi
1102 3732 1232 3798 videtur
1248 3731 1353 3797 Cobe-

173 3865 226 3922 tus
249 3877 350 3941 quam
371 3856 510 3935 librarii3
533 3857 567 3921 hi
591 3857 679 3920 enim
702 3855 918 3940 scripserunt:

711 4005 826 4091 ἄνδρες,
852 4007 907 4085 ἤδη
930 4010 1015 4096 μοι’)
1039 4009 1124 4075 δοκεῖ

402 4133 454 4198 ἐπὶ
478 4138 655 4217 συμφοραῖς
676 4132 841 4209 ἀγαθαῖσιν
863 4130 1119 4211 εἰσηγγελμέναις

398 4256 571 4335 εὐαγγέλια
595 4253 670 4321 θύειν
693 4255 804 4320 ἓκασθν
827 4253 903 4333 βοῦς
926 4262 965 4336 τῇ
990 4254 1052 4336 θεῷ,

206 4439 226 4504 1)
246 4438 344 4503 Saepius
360 4437 388 4486 in
404 4437 454 4487 hoe
470 4435 558 4486 codice
575 4453 593 4485 σ
610 4435 722 4501 positum
740 4442 777 4485 est
793 4450 840 4500 pro
857 4433 883 4491 θ;
901 4434 938 4484 sic
954 4449 1002 4500 pro
1020 4429 1086 4493 αὖθις
1102 4449 1202 4500 semper
1214 4433 1266 4483 iere
1277 4432 1354 4482 habet

175 4520 247 4580 σιθσις
265 4521 413 4589 („solemnis
429 4520 472 4570 bic
489 4520 563 4570 buius
579 4518 641 4570 libri
658 4534 727 4569 error
744 4519 843 4568 videtur
860 4519 941 4584 esse'’‚
958 4516 1069 4583 Blaydes
1085 4518 1119 4567 ad
1135 4517 1222 4567 Nubb.
1240 4517 1309 4582 557).

206 4605 227 4669 i)
243 4605 293 4653 Pro
318 4601 364 4661 idn
390 4619 434 4665 μοι
458 4603 482 4652 R
507 4610 532 4652 et
548 4603 576 4650 M
601 4602 697 4652 habent
713 4601 798 4665 κάμοί,
814 4603 882 4653 unde
899 4601 981 4653 Bothe
999 4607 1024 4652 et
1040 4600 1125 4666 Bergk
1142 4600 1222 4666 (praei.
1239 4615 1265 4667 p.
1283 4594 1354 4656 XVI)
