3444 5396
741 512 781 578 93

217 679 360 748 Mettum
391 684 562 748 restituere
594 691 731 748 conatus
760 692 810 747 est
841 683 1005 748 Dobraeus
1035 685 1145 769 (quem
1172 692 1353 768 sequuntur

170 807 337 892 Hirschig,
371 807 492 892 Bergk,
523 807 678 890 Blaydes‚
711 805 861 891 Starkie),
893 803 1079 888 ἀναρπάσαις
1109 807 1258 871 scribens
1280 806 1355 871 coll.

169 949 219 992 vs.
247 944 304 1011 173
329 930 385 1012 qui
409 928 500 994 locus
524 927 604 992 nihil
627 930 671 992 ad
694 947 780 992 rem:
805 923 1034 1008 ἀναρπάσαντα
1058 927 1104 992 ibi
1120 937 1296 1012 usurpatur
1312 929 1355 992 de

170 1049 283 1132 aquila
319 1071 394 1134 quae
426 1052 458 1115 in
499 1051 620 1115 coelum
651 1049 763 1114 avolat
786 1049 958 1134 abreptam
981 1049 1128 1132 χαλκίδα
1151 1034 1359 1115 ευσενιήῒοΙ-

169 1170 253 1236 lens.
301 1173 410 1238 Minus
441 1173 539 1237 etiam
570 1171 680 1256 placet
711 1171 953 1236 Brunckianum
980 1169 1172 1254 ἐξαρπάσας,
1198 1173 1354 1237 Richtero

169 1293 358 1378 probatum,
389 1295 479 1378 quod
509 1295 605 1360 nimis
637 1293 815 1359 violentam
846 1293 1007 1359 indicaret
1029 1295 1204 1360 actionem.
1249 1296 1356 1361 Unice

171 1437 287 1481 verum
320 1426 371 1482 est
393 1415 598 1500 ὑφαρπάσας,
622 1417 713 1501 quod
736 1416 780 1482 ab
803 1415 961 1480 Elmsleio
990 1419 1197 1502 propositum
1225 1437 1355 1502 recepe·

171 1547 246 1602 runt
277 1538 439 1613 Meineke‚
471 1539 622 1618 Dindorf,
653 1560 719 1604 van
742 1539 919 1614 Leeuwen,
946 1539 1087 1616 Graves3
1111 1540 1201 1623 quod
1223 1540 1357 1624 egregie

172 1661 330 1727 convenit
352 1682 428 1726 cum
451 1663 625 1746 participio
648 1660 741 1745 quod
763 1662 924 1744 praecedit
947 1658 1106 1745 παρᾴξας.

218 1838 286 1904 Sed
317 1839 371 1904 hic
405 1860 539 1924 quoque
570 1841 699 1905 inversa
721 1841 848 1904 ratione
872 1860 971 1924 agere
994 1858 1187 1924 possumus;
1219 1861 1296 1904 nam
1319 1848 1355 1906 ut

171 1970 249 2026 sunt
282 1962 429 2027 nonnulli
465 1962 539 2040 loci,
574 1963 631 2027 ubi
661 1984 722 2048 pro
753 1963 856 2027 verbo
881 1962 1067 2047 composito
1099 1963 1241 2046 simplex
1267 1983 1354 2026 usur·

171 2093 288 2169 patum
315 2093 375 2160 est,
399 2083 445 2148 ita
468 2103 574 2168 neque
599 2086 620 2148 ii
644 2083 773 2160 desunt,
798 2085 854 2168 qui
878 2093 934 2150 aut
957 2086 990 2148 in
1010 2085 1163 2149 omnibus
1186 2084 1354 2150 codicibus

172 2215 230 2272 aut
260 2207 294 2270 in
326 2205 490 2270 nonnullis
519 2205 670 2290 praebent
699 2207 838 2271 verbum
860 2206 1090 2292 compositum,
1117 2227 1193 2270 cum
1216 2207 1369 2291 requiras

172 2339 226 2394 tur
248 2328 399 2413 simplex.

219 2452 374 2536 Exempli
409 2453 516 2536 gratia
551 2456 642 2517 Avv.
669 2471 748 2531 1070
776 2450 811 2515 in
846 2451 999 2516 omnibus
1030 2451 1199 2516 codicibus
1236 2461 1356 2536 praeter

174 2573 403 2638 Hauniensem
427 2573 472 2659 (et
495 2575 675 2638 editionem
699 2573 868 2659 Aldinam)
891 2573 1028 2658 legitur:

355 2727 471 2812 ἑρπετά
494 2727 607 2795 τεκαὶ
633 2725 752 2793 δάκετα
777 2726 865 2793 πάνθ’
888 2725 1003 2811 ὅσαπερ

353 2843 434 2913 ἔστιν
457 2848 510 2913 ὑπ’
535 2846 790 2929 ἕρκάςπτέρνγσς
813 2848 843 2912 ἐν
866 2854 977 2933 φοναῖς
999 2847 1176 2926 ἐξόλλνταν,

171 3049 247 3093 cum
281 3036 422 3092 metrum
457 3028 613 3092 creticum
646 3027 773 3113 flagitet
806 3029 841 3093 id
874 3031 965 3112 quod
999 3030 1069 3094 iure
1103 3038 1271 3113 receptum
1304 3040 1355 3096 est

171 3147 320 3225 άλλντανς
361 3151 495 3215 nimium
537 3159 651 3215 autem
686 3159 848 3233 corruptae
878 3151 1011 3216 lectioni
1043 3151 1157 3216 tribuit
1179 3151 1353 3236 Remigius,

172 3275 237 3357 qui,
268 3272 365 3336 tmesi
395 3272 493 3337 valde
525 3272 616 3357 apud
647 3271 907 3357 Aristophanem
933 3281 1097 3357 suspecta,
1124 3276 1299 3357 proposuit
1321 3275 1354 3340 ἐκ

172 3399 282 3478 φαναῖς
299 3390 447 3470 άλλντακς
466 3397 558 3478 quod
575 3403 686 3459 tamen
698 3403 895 3478 receperunt
907 3393 1068 3470 Meineke‚
1082 3395 1234 3473 Dindorf,
1247 3396 1354 3462 Kock.

172 3515 328 3581 Similiter
365 3521 470 3581 Nubb.
498 3521 558 3595 786
592 3538 654 3600 pro
692 3513 851 3581 ἕδνδάσκσν
886 3525 991 3581 metro
1025 3518 1127 3582 invito
1154 3519 1188 3582 in
1215 3519 1355 3600 Bodl4

172 3646 224 3703 est
248 3634 437 3702 ἕκδιδάσκσν.
467 3635 567 3702 Cuius
590 3639 637 3702 rei
658 3657 821 3703 memores
843 3639 875 3702 in
900 3639 1047 3703 eiusdem
1070 3637 1192 3703 fabulae
1210 3661 1264 3705 vs.
1282 3647 1354 3720 238²

398 3791 434 3859 lla
457 3816 517 3868 νυν,
539 3790 703 3870 κατάβηθ’,
726 3787 748 3857 ά
771 3792 986 3874 Σωκρατίδιον,
1010 3794 1050 3868 ὡς
1071 3793 1137 3873 ἕρκε’,

398 3913 446 3980 ἵνα
469 3939 511 3995 με
535 3913 662 3998 διδάξρς
684 3911 779 3998 ὦνπερ
802 3911 876 3981 ἕνεκ’
902 3916 1047 3998 ἐλήλυθα,

178 4057 374 4068 ——-—

173 4125 221 4187 (M.
248 4121 309 4174 Crit.
335 4139 361 4187 p.
389 4134 436 4186 199
453 4137 500 4189 sq.,
523 4121 571 4172 Ed.
587 4120 668 4172 Kidd
681 4137 707 4186 p.
724 4122 773 4187 365
792 4123 839 4186 sq.)
856 4122 1001 4172 observavit
1019 4121 1062 4187 (cl.
1079 4137 1130 4172 van
1146 4121 1305 4172 Hervverden
1321 4123 1355 4172 ad

173 4207 230 4257 Pac.
256 4204 324 4270 841).
349 4206 442 4255 Parum
466 4213 551 4255 autem
575 4205 718 4270 probabilis
743 4205 808 4255 mihi
833 4205 932 4256 videtur
956 4205 1070 4255 Dobraei
1096 4207 1221 4256 sententie
1238 4205 1355 4268 (Observ.

173 4291 304 4356 Aristoph.
320 4289 361 4340 ed.
378 4289 492 4354 Wagner
507 4305 534 4354 p.
551 4291 601 4356 κο),
617 4296 697 4338 totam
714 4289 909 4354 intelligendam
926 4304 982 4338 esse
998 4288 1118 4354 culinam,
1135 4289 1179 4355 „in
1196 4303 1246 4353 qua
1259 4289 1356 4338 scilicet

173 4375 262 4438 lignea
278 4372 366 4422 omnia
382 4371 410 4422 in
427 4373 490 4422 ebur
506 4372 599 4422 fuerint
617 4373 721 4439 versa”;
739 4387 800 4421 nam
817 4387 972 4438 quamquam
989 4372 1023 4420 ad
1039 4372 1105 4420 hanc
1114 4371 1263 4436 opinionem
1272 4387 1355 4421 corro-

174 4457 316 4508 borandam
341 4456 466 4521 imprimis
490 4456 558 4506 velet
582 4457 724 4521 Vesperum
740 4455 812 4504 locus
829 4471 906 4521 quem
921 4470 998 4520 supra
1015 4455 1099 4520 citavi,
1117 4455 1162 4504 ubi
1179 4455 1249 4513 ἰπνὸς
1264 4456 1356 4505 mlinoe

174 4539 363 4606 significatione
388 4547 527 4608 usurpatur,
552 4539 617 4590 mihi
634 4547 728 4606 tamen,
745 4539 767 4588 si
784 4539 834 4588 hoc
851 4546 937 4588 nostro
954 4539 1013 4588 loco
1031 4538 1152 4588 voluisset
1169 4547 1253 4606 poeta7
1270 4539 1355 4606 potius

174 4623 263 4674 πάντα
279 4624 316 4674 τά
332 4620 359 4673 iv
376 4627 412 4686 τῷ
428 4623 490 4688 ἰπνῷ
505 4624 547 4675 vel
564 4623 692 4674 eiusmodi
709 4622 810 4688 aliquid
827 4623 964 4688 scripturus
982 4622 1062 4673 fuisse
1079 4621 1187 4672 videtur.
