<?xml version="1.0" encoding="UTF-8"?>
<!DOCTYPE html PUBLIC "-//W3C//DTD XHTML 1.0 Transitional//EN"
    "http://www.w3.org/TR/xhtml1/DTD/xhtml1-transitional.dtd">
<html xmlns="http://www.w3.org/1999/xhtml" xml:lang="en" lang="en">
 <head>
  <title>
</title>
<meta http-equiv="Content-Type" content="text/html;charset=utf-8" />
  <meta name='ocr-system' content='tesseract 3.04.00' />
  <meta name='ocr-capabilities' content='ocr_page ocr_carea ocr_par ocr_line ocrx_word'/>
</head>
<body>
  <div class='ocr_page' id='page_1' title='image "./devitiisquibusd00ijzegoog_0031.png"; bbox 0 0 3434 5394; ppageno 0'>
   <div class='ocr_carea' id='block_1_1' title="bbox 962 489 1002 553">
    <p class='ocr_par' dir='ltr' id='par_1_1' title="bbox 962 489 1002 553">
     <span class='ocr_line' id='line_1_1' title="bbox 962 489 1002 553; baseline 0 0"><span class='ocrx_word' id='word_1_1' title='bbox 962 489 1002 553; x_wconf 87' lang='lat'><strong>14</strong></span> 
     </span>
    </p>
   </div>
   <div class='ocr_carea' id='block_1_2' title="bbox 384 657 1579 1715">
    <p class='ocr_par' dir='ltr' id='par_1_2' title="bbox 384 657 1579 1715">
     <span class='ocr_line' id='line_1_2' title="bbox 389 657 1577 743; baseline 0.003 -23"><span class='ocrx_word' id='word_1_2' title='bbox 389 657 463 738; x_wconf 85' lang='lat' dir='ltr'><strong>quis</strong></span> <span class='ocrx_word' id='word_1_3' title='bbox 494 657 786 742; x_wconf 81' lang='lat' dir='ltr'><strong>exspectaveriti¹)</strong></span> <span class='ocrx_word' id='word_1_4' title='bbox 818 657 938 723; x_wconf 85' lang='lat' dir='ltr'>Nonne</span> <span class='ocrx_word' id='word_1_5' title='bbox 962 659 1070 742; x_wconf 86' lang='lat' dir='ltr'><strong>ipsum</strong></span> <span class='ocrx_word' id='word_1_6' title='bbox 1093 666 1234 724; x_wconf 86' lang='lat' dir='ltr'><strong>metrum</strong></span> <span class='ocrx_word' id='word_1_7' title='bbox 1257 660 1370 725; x_wconf 83' lang='lat' dir='ltr'><strong>obstat</strong></span> <span class='ocrx_word' id='word_1_8' title='bbox 1392 660 1577 743; x_wconf 87' lang='lat' dir='ltr'><strong>quominus</strong></span> 
     </span>
     <span class='ocr_line' id='line_1_3' title="bbox 385 775 1576 862; baseline 0.004 -22"><span class='ocrx_word' id='word_1_9' title='bbox 385 775 552 862; x_wconf 84' lang='lat' dir='ltr'>longiores</span> <span class='ocrx_word' id='word_1_10' title='bbox 573 779 745 844; x_wconf 84' lang='lat' dir='ltr'><strong>sententiae</strong></span> <span class='ocrx_word' id='word_1_11' title='bbox 767 778 974 845; x_wconf 82' lang='lat' dir='ltr'><strong>inserantur?</strong></span> <span class='ocrx_word' id='word_1_12' title='bbox 1019 778 1122 862; x_wconf 86' lang='lat' dir='ltr'><strong>Quod</strong></span> <span class='ocrx_word' id='word_1_13' title='bbox 1144 789 1257 845; x_wconf 85' lang='lat' dir='ltr'><strong>tamen</strong></span> <span class='ocrx_word' id='word_1_14' title='bbox 1279 780 1333 845; x_wconf 86' lang='lat' dir='ltr'><strong>bic</strong></span> <span class='ocrx_word' id='word_1_15' title='bbox 1357 779 1426 845; x_wconf 90' lang='lat' dir='ltr'><strong>illic</strong></span> <span class='ocrx_word' id='word_1_16' title='bbox 1444 779 1576 845; x_wconf 87' lang='lat' dir='ltr'><strong>sactum</strong></span> 
     </span>
     <span class='ocr_line' id='line_1_4' title="bbox 384 897 1575 987; baseline 0.003 -25"><span class='ocrx_word' id='word_1_17' title='bbox 384 906 446 962; x_wconf 86' lang='lat' dir='ltr'><strong>est.</strong></span> <span class='ocrx_word' id='word_1_18' title='bbox 491 897 653 965; x_wconf 81' lang='lat' dir='ltr'><strong>Omittere</strong></span> <span class='ocrx_word' id='word_1_19' title='bbox 685 920 772 965; x_wconf 90' lang='lat' dir='ltr'><strong>nunc</strong></span> <span class='ocrx_word' id='word_1_20' title='bbox 794 921 931 986; x_wconf 81' lang='lat' dir='ltr'><strong>possum</strong></span> <span class='ocrx_word' id='word_1_21' title='bbox 954 899 1100 984; x_wconf 84' lang='lat' dir='ltr'><strong>exempli</strong></span> <span class='ocrx_word' id='word_1_22' title='bbox 1123 901 1230 984; x_wconf 81' lang='lat' dir='ltr'><strong>gratia</strong></span> <span class='ocrx_word' id='word_1_23' title='bbox 1252 901 1344 984; x_wconf 91' lang='lat' dir='ltr'><strong>quod</strong></span> <span class='ocrx_word' id='word_1_24' title='bbox 1367 901 1479 966; x_wconf 85' lang='lat' dir='ltr'><em>Nubb.</em></span> <span class='ocrx_word' id='word_1_25' title='bbox 1502 916 1575 987; x_wconf 81' lang='lat'><strong>907</strong></span> 
     </span>
     <span class='ocr_line' id='line_1_5' title="bbox 385 1019 1579 1107; baseline 0.002 -23"><span class='ocrx_word' id='word_1_26' title='bbox 385 1028 462 1102; x_wconf 84' lang='lat' dir='ltr'><strong>post</strong></span> <span class='ocrx_word' id='word_1_27' title='bbox 496 1023 598 1087; x_wconf 84' lang='lat' dir='ltr'><strong>verba</strong></span> <span class='ocrx_word' id='word_1_28' title='bbox 627 1019 701 1087; x_wconf 75' lang='grc' dir='ltr'><strong><em>δότε</em></strong></span> <span class='ocrx_word' id='word_1_29' title='bbox 731 1044 784 1100; x_wconf 81' lang='grc' dir='ltr'><strong>μον</strong></span> <span class='ocrx_word' id='word_1_30' title='bbox 814 1020 943 1098; x_wconf 73' lang='grc' dir='ltr'><strong>λεκάνην</strong></span> <span class='ocrx_word' id='word_1_31' title='bbox 974 1023 1085 1088; x_wconf 88' lang='lat' dir='ltr'>codex</span> <span class='ocrx_word' id='word_1_32' title='bbox 1117 1023 1148 1086; x_wconf 91' lang='lat' dir='ltr'>R</span> <span class='ocrx_word' id='word_1_33' title='bbox 1172 1023 1205 1087; x_wconf 92' lang='lat' dir='ltr'><strong>in</strong></span> <span class='ocrx_word' id='word_1_34' title='bbox 1228 1023 1302 1107; x_wconf 82' lang='lat' dir='ltr'><strong>ipso</strong></span> <span class='ocrx_word' id='word_1_35' title='bbox 1324 1032 1417 1088; x_wconf 85' lang='lat' dir='ltr'><strong>textu</strong></span> <span class='ocrx_word' id='word_1_36' title='bbox 1441 1023 1579 1106; x_wconf 87' lang='lat' dir='ltr'><strong>praebet</strong></span> 
     </span>
     <span class='ocr_line' id='line_1_6' title="bbox 384 1139 1572 1226; baseline 0.004 -21"><span class='ocrx_word' id='word_1_37' title='bbox 384 1139 533 1206; x_wconf 84' lang='lat' dir='ltr'><strong>scholion</strong></span> <span class='ocrx_word' id='word_1_38' title='bbox 557 1142 618 1219; x_wconf 74' lang='lat' dir='ltr'><strong>„uic</strong></span> <span class='ocrx_word' id='word_1_39' title='bbox 639 1149 766 1209; x_wconf 79' lang='grc' dir='ltr'><strong>νκντνῶν</strong></span> <span class='ocrx_word' id='word_1_40' title='bbox 792 1142 852 1208; x_wconf 78' lang='grc' dir='ltr'><strong>ὑπὸ</strong></span> <span class='ocrx_word' id='word_1_41' title='bbox 874 1151 933 1220; x_wconf 72' lang='grc' dir='ltr'><strong>τῆς</strong></span> <span class='ocrx_word' id='word_1_42' title='bbox 950 1143 1058 1210; x_wconf 72' lang='grc' dir='ltr'><strong>ἐκείνου</strong></span> <span class='ocrx_word' id='word_1_43' title='bbox 1083 1140 1223 1225; x_wconf 78' lang='grc' dir='ltr'><strong><em>ψύχρκς.</em></strong></span> <span class='ocrx_word' id='word_1_44' title='bbox 1248 1143 1265 1220; x_wconf 78' lang='grc' dir='ltr'>ἢ</span> <span class='ocrx_word' id='word_1_45' title='bbox 1289 1139 1337 1209; x_wconf 75' lang='lat' dir='ltr'><strong>iva</strong></span> <span class='ocrx_word' id='word_1_46' title='bbox 1355 1143 1467 1224; x_wconf 80' lang='grc' dir='ltr'><strong><em>ἐμέσω,</em></strong></span> <span class='ocrx_word' id='word_1_47' title='bbox 1482 1144 1572 1226; x_wconf 65' lang='grc' dir='ltr'><strong>χολὴ</strong></span> 
     </span>
     <span class='ocr_line' id='line_1_7' title="bbox 385 1259 1575 1348; baseline 0.003 -22"><span class='ocrx_word' id='word_1_48' title='bbox 385 1259 447 1343; x_wconf 71' lang='grc' dir='ltr'><strong>γάρ</strong></span> <span class='ocrx_word' id='word_1_49' title='bbox 479 1284 530 1342; x_wconf 79' lang='grc' dir='ltr'><strong>μον</strong></span> <span class='ocrx_word' id='word_1_50' title='bbox 562 1263 704 1330; x_wconf 76' lang='grc' dir='ltr'><strong>ἕτντλέεν</strong></span> <span class='ocrx_word' id='word_1_51' title='bbox 735 1263 787 1330; x_wconf 71' lang='grc' dir='ltr'><strong>διὰ</strong></span> <span class='ocrx_word' id='word_1_52' title='bbox 813 1263 856 1330; x_wconf 73' lang='grc' dir='ltr'><strong>τὰ</strong></span> <span class='ocrx_word' id='word_1_53' title='bbox 886 1266 982 1330; x_wconf 76' lang='grc' dir='ltr'><strong><em>κὺτοῦ</em></strong></span> <span class='ocrx_word' id='word_1_54' title='bbox 1013 1265 1162 1348; x_wconf 75' lang='grc' dir='ltr'><strong>ρήμνντκ”</strong></span> <span class='ocrx_word' id='word_1_55' title='bbox 1195 1303 1240 1317; x_wconf 90' lang='grc'><strong>-</strong></span> <span class='ocrx_word' id='word_1_56' title='bbox 1270 1287 1347 1332; x_wconf 89' lang='lat' dir='ltr'><strong>nam</strong></span> <span class='ocrx_word' id='word_1_57' title='bbox 1378 1269 1422 1332; x_wconf 87' lang='lat' dir='ltr'><strong>de</strong></span> <span class='ocrx_word' id='word_1_58' title='bbox 1445 1267 1575 1332; x_wconf 88' lang='lat' dir='ltr'><strong>talibus</strong></span> 
     </span>
     <span class='ocr_line' id='line_1_8' title="bbox 386 1385 1577 1473; baseline 0.003 -23"><span class='ocrx_word' id='word_1_59' title='bbox 386 1385 543 1450; x_wconf 86' lang='lat' dir='ltr'>eiciendis</span> <span class='ocrx_word' id='word_1_60' title='bbox 566 1405 663 1451; x_wconf 89' lang='lat' dir='ltr'><strong>nemo</strong></span> <span class='ocrx_word' id='word_1_61' title='bbox 683 1407 828 1470; x_wconf 88' lang='lat' dir='ltr'><strong>unquam</strong></span> <span class='ocrx_word' id='word_1_62' title='bbox 850 1387 1071 1473; x_wconf 86' lang='lat' dir='ltr'><strong>dubitabit¹);</strong></span> <span class='ocrx_word' id='word_1_63' title='bbox 1095 1389 1156 1452; x_wconf 89' lang='lat' dir='ltr'><strong>sed</strong></span> <span class='ocrx_word' id='word_1_64' title='bbox 1170 1389 1248 1453; x_wconf 92' lang='lat' dir='ltr'><strong>alibi</strong></span> <span class='ocrx_word' id='word_1_65' title='bbox 1263 1389 1388 1453; x_wconf 88' lang='lat' dir='ltr'><strong>scholia</strong></span> <span class='ocrx_word' id='word_1_66' title='bbox 1402 1387 1577 1472; x_wconf 90' lang='lat' dir='ltr'><strong>qualicun-</strong></span> 
     </span>
     <span class='ocr_line' id='line_1_9' title="bbox 385 1507 1574 1594; baseline 0.003 -23"><span class='ocrx_word' id='word_1_67' title='bbox 385 1527 450 1590; x_wconf 85' lang='lat' dir='ltr'><strong>que</strong></span> <span class='ocrx_word' id='word_1_68' title='bbox 492 1508 592 1572; x_wconf 92' lang='lat' dir='ltr'><strong>modo</strong></span> <span class='ocrx_word' id='word_1_69' title='bbox 626 1519 732 1574; x_wconf 88' lang='lat' dir='ltr'><strong>metro</strong></span> <span class='ocrx_word' id='word_1_70' title='bbox 766 1511 924 1594; x_wconf 89' lang='lat' dir='ltr'><strong>adaptata</strong></span> <span class='ocrx_word' id='word_1_71' title='bbox 958 1509 991 1572; x_wconf 92' lang='lat' dir='ltr'><strong>in</strong></span> <span class='ocrx_word' id='word_1_72' title='bbox 1025 1517 1155 1574; x_wconf 90' lang='lat' dir='ltr'><strong>textum</strong></span> <span class='ocrx_word' id='word_1_73' title='bbox 1189 1511 1397 1575; x_wconf 88' lang='lat' dir='ltr'><strong>inseruerunt</strong></span> <span class='ocrx_word' id='word_1_74' title='bbox 1434 1507 1574 1574; x_wconf 87' lang='lat' dir='ltr'><strong>librarii.</strong></span> 
     </span>
     <span class='ocr_line' id='line_1_10' title="bbox 386 1629 709 1715; baseline 0.003 -23"><span class='ocrx_word' id='word_1_75' title='bbox 386 1629 486 1694; x_wconf 84' lang='lat' dir='ltr'><strong>Dabo</strong></span> <span class='ocrx_word' id='word_1_76' title='bbox 509 1629 709 1715; x_wconf 86' lang='lat' dir='ltr'><strong>exemplum.</strong></span> 
     </span>
    </p>
   </div>
   <div class='ocr_carea' id='block_1_3' title="bbox 430 1775 1006 1856">
    <p class='ocr_par' dir='ltr' id='par_1_3' title="bbox 430 1775 1006 1856">
     <span class='ocr_line' id='line_1_11' title="bbox 430 1775 1006 1856; baseline 0 -16"><span class='ocrx_word' id='word_1_77' title='bbox 430 1781 520 1840; x_wconf 87' lang='lat' dir='ltr'><strong>Ran.</strong></span> <span class='ocrx_word' id='word_1_78' title='bbox 545 1793 579 1856; x_wconf 79' lang='lat'><strong>1⁵</strong></span> <span class='ocrx_word' id='word_1_79' title='bbox 632 1775 792 1840; x_wconf 86' lang='lat' dir='ltr'><strong>Xanthias</strong></span> <span class='ocrx_word' id='word_1_80' title='bbox 815 1776 886 1840; x_wconf 85' lang='lat' dir='ltr'><strong>haec</strong></span> <span class='ocrx_word' id='word_1_81' title='bbox 909 1777 1006 1842; x_wconf 92' lang='lat' dir='ltr'><strong>dicit:</strong></span> 
     </span>
    </p>
   </div>
   <div class='ocr_carea' id='block_1_4' title="bbox 608 1927 1328 2330">
    <p class='ocr_par' dir='ltr' id='par_1_4' title="bbox 608 1927 1328 2223">
     <span class='ocr_line' id='line_1_12' title="bbox 610 1927 1328 2013; baseline 0.001 -18"><span class='ocrx_word' id='word_1_82' title='bbox 610 1927 644 1995; x_wconf 73' lang='lat' dir='ltr'><strong>cl</strong></span> <span class='ocrx_word' id='word_1_83' title='bbox 663 1929 734 2008; x_wconf 71' lang='grc' dir='ltr'><strong><em>δῆτ’</em></strong></span> <span class='ocrx_word' id='word_1_84' title='bbox 760 1928 819 1996; x_wconf 75' lang='grc' dir='ltr'><strong>ἔδει</strong></span> <span class='ocrx_word' id='word_1_85' title='bbox 842 1954 884 2010; x_wconf 84' lang='grc' dir='ltr'><strong>με</strong></span> <span class='ocrx_word' id='word_1_86' title='bbox 906 1933 1013 1996; x_wconf 68' lang='grc' dir='ltr'><strong><em>ταῦτα</em></strong></span> <span class='ocrx_word' id='word_1_87' title='bbox 1035 1929 1079 1996; x_wconf 71' lang='grc' dir='ltr'><strong>τὰ</strong></span> <span class='ocrx_word' id='word_1_88' title='bbox 1103 1931 1193 2006; x_wconf 78' lang='grc' dir='ltr'><strong><em>σκεύη</em></strong></span> <span class='ocrx_word' id='word_1_89' title='bbox 1217 1930 1328 2013; x_wconf 75' lang='grc' dir='ltr'><strong><em>Φέρενν,</em></strong></span> 
     </span>
     <span class='ocr_line' id='line_1_13' title="bbox 608 2031 1237 2118; baseline 0.003 -18"><span class='ocrx_word' id='word_1_90' title='bbox 608 2033 691 2117; x_wconf 72' lang='grc' dir='ltr'><strong><em>εἴπερ</em></strong></span> <span class='ocrx_word' id='word_1_91' title='bbox 714 2037 829 2112; x_wconf 68' lang='lat' dir='ltr'><strong>norico</strong></span> <span class='ocrx_word' id='word_1_92' title='bbox 852 2035 948 2115; x_wconf 71' lang='grc' dir='ltr'><strong><em>μηδὲν</em></strong></span> <span class='ocrx_word' id='word_1_93' title='bbox 970 2031 1066 2117; x_wconf 75' lang='grc' dir='ltr'><strong><em>ὦνπερ</em></strong></span> <span class='ocrx_word' id='word_1_94' title='bbox 1089 2035 1237 2118; x_wconf 73' lang='grc' dir='ltr'><strong>Φρύνιχος</strong></span> 
     </span>
     <span class='ocr_line' id='line_1_14' title="bbox 611 2137 1199 2223; baseline 0.002 -17"><span class='ocrx_word' id='word_1_95' title='bbox 611 2137 691 2206; x_wconf 69' lang='grc' dir='ltr'><em>εἴωθε</em></span> <span class='ocrx_word' id='word_1_96' title='bbox 713 2148 807 2206; x_wconf 79' lang='grc' dir='ltr'><strong><em>ποιεῖν</em></strong></span> <span class='ocrx_word' id='word_1_97' title='bbox 829 2141 883 2207; x_wconf 68' lang='grc' dir='ltr'><strong>καὶ</strong></span> <span class='ocrx_word' id='word_1_98' title='bbox 907 2139 1005 2215; x_wconf 76' lang='grc' dir='ltr'><strong><em>Λύκις</em></strong></span> <span class='ocrx_word' id='word_1_99' title='bbox 1026 2140 1199 2223; x_wconf 67' lang='grc' dir='ltr'><strong>κάμειψίας</strong></span> 
     </span>
    </p>

    <p class='ocr_par' dir='ltr' id='par_1_5' title="bbox 611 2245 1249 2330">
     <span class='ocr_line' id='line_1_15' title="bbox 611 2245 1249 2330; baseline 0.003 -20"><span class='ocrx_word' id='word_1_100' title='bbox 611 2245 702 2322; x_wconf 76' lang='grc' dir='ltr'><strong><em>σκεύη</em></strong></span> <span class='ocrx_word' id='word_1_101' title='bbox 726 2245 849 2330; x_wconf 81' lang='grc' dir='ltr'><strong>φέροντ’</strong></span> <span class='ocrx_word' id='word_1_102' title='bbox 874 2245 1018 2312; x_wconf 70' lang='grc' dir='ltr'><strong><em>ἑκάστοτ’</em></strong></span> <span class='ocrx_word' id='word_1_103' title='bbox 1041 2247 1072 2312; x_wconf 80' lang='grc' dir='ltr'><strong>ἐν</strong></span> <span class='ocrx_word' id='word_1_104' title='bbox 1094 2246 1219 2329; x_wconf 62' lang='lat' dir='ltr'><strong>auaui!</strong></span> <span class='ocrx_word' id='word_1_105' title='bbox 1241 2297 1249 2312; x_wconf 90' lang='lat'><strong>.</strong></span> 
     </span>
    </p>
   </div>
   <div class='ocr_carea' id='block_1_5' title="bbox 430 2401 1659 2474">
    <p class='ocr_par' dir='ltr' id='par_1_6' title="bbox 430 2401 1659 2474">
     <span class='ocr_line' id='line_1_16' title="bbox 430 2401 1659 2474; baseline 0.004 -5"><span class='ocrx_word' id='word_1_106' title='bbox 430 2403 574 2470; x_wconf 89' lang='lat' dir='ltr'><strong>Ultimus</strong></span> <span class='ocrx_word' id='word_1_107' title='bbox 597 2421 711 2466; x_wconf 86' lang='lat' dir='ltr'><strong>versus</strong></span> <span class='ocrx_word' id='word_1_108' title='bbox 733 2403 818 2466; x_wconf 90' lang='lat' dir='ltr'><strong>sicut</strong></span> <span class='ocrx_word' id='word_1_109' title='bbox 839 2403 938 2466; x_wconf 90' lang='lat' dir='ltr'>citavi</span> <span class='ocrx_word' id='word_1_110' title='bbox 961 2401 1099 2466; x_wconf 86' lang='lat' dir='ltr'><strong>traditus</strong></span> <span class='ocrx_word' id='word_1_111' title='bbox 1123 2405 1228 2468; x_wconf 87' lang='lat' dir='ltr'><strong>estin</strong></span> <span class='ocrx_word' id='word_1_112' title='bbox 1250 2402 1281 2465; x_wconf 94' lang='lat' dir='ltr'>R</span> <span class='ocrx_word' id='word_1_113' title='bbox 1305 2411 1339 2468; x_wconf 87' lang='lat' dir='ltr'><strong>et</strong></span> <span class='ocrx_word' id='word_1_114' title='bbox 1354 2405 1388 2468; x_wconf 89' lang='lat' dir='ltr'><strong>in</strong></span> <span class='ocrx_word' id='word_1_115' title='bbox 1403 2403 1476 2469; x_wconf 90' lang='lat' dir='ltr'><strong>aliis</strong></span> <span class='ocrx_word' id='word_1_116' title='bbox 1492 2425 1576 2469; x_wconf 90' lang='lat' dir='ltr'><strong>non·</strong></span> <span class='ocrx_word' id='word_1_117' title='bbox 1658 2433 1659 2474; x_wconf 69' lang='lat' dir='ltr'><strong>i</strong></span> 
     </span>
    </p>
   </div>
   <div class='ocr_carea' id='block_1_6' title="bbox 387 2520 1576 2851">
    <p class='ocr_par' dir='ltr' id='par_1_7' title="bbox 387 2520 1576 2851">
     <span class='ocr_line' id='line_1_17' title="bbox 387 2520 1574 2606; baseline -0.002 -15"><span class='ocrx_word' id='word_1_118' title='bbox 387 2526 502 2602; x_wconf 87' lang='lat' dir='ltr'><strong>nullis;</strong></span> <span class='ocrx_word' id='word_1_119' title='bbox 537 2526 570 2590; x_wconf 95' lang='lat' dir='ltr'>V</span> <span class='ocrx_word' id='word_1_120' title='bbox 604 2532 638 2589; x_wconf 83' lang='lat' dir='ltr'><strong>et</strong></span> <span class='ocrx_word' id='word_1_121' title='bbox 666 2524 721 2588; x_wconf 93' lang='lat' dir='ltr'><strong>alii</strong></span> <span class='ocrx_word' id='word_1_122' title='bbox 750 2543 812 2606; x_wconf 91' lang='lat' dir='ltr'><strong>pro</strong></span> <span class='ocrx_word' id='word_1_123' title='bbox 843 2520 935 2598; x_wconf 77' lang='grc' dir='ltr'><strong><em>σκεύη</em></strong></span> <span class='ocrx_word' id='word_1_124' title='bbox 969 2521 1094 2604; x_wconf 78' lang='grc' dir='ltr'><strong><em>Φέρννσ’</em></strong></span> <span class='ocrx_word' id='word_1_125' title='bbox 1125 2523 1252 2588; x_wconf 90' lang='lat' dir='ltr'><strong>habent</strong></span> <span class='ocrx_word' id='word_1_126' title='bbox 1275 2526 1518 2606; x_wconf 80' lang='grc' dir='ltr'><strong>τκεννφνρνῦσ’;</strong></span> <span class='ocrx_word' id='word_1_127' title='bbox 1543 2528 1574 2590; x_wconf 92' lang='lat' dir='ltr'><strong>in</strong></span> 
     </span>
     <span class='ocr_line' id='line_1_18' title="bbox 389 2641 1576 2726; baseline -0.002 -13"><span class='ocrx_word' id='word_1_128' title='bbox 389 2647 461 2713; x_wconf 88' lang='lat' dir='ltr'><strong>aliis</strong></span> <span class='ocrx_word' id='word_1_129' title='bbox 500 2655 551 2711; x_wconf 86' lang='lat' dir='ltr'><strong>est</strong></span> <span class='ocrx_word' id='word_1_130' title='bbox 589 2647 614 2711; x_wconf 86' lang='lat' dir='ltr'><strong>oi</strong></span> <span class='ocrx_word' id='word_1_131' title='bbox 652 2643 743 2719; x_wconf 73' lang='grc' dir='ltr'><strong><em>σκεύη</em></strong></span> <span class='ocrx_word' id='word_1_132' title='bbox 778 2645 900 2726; x_wconf 82' lang='grc' dir='ltr'><strong>Φνρνῦσ’</strong></span> <span class='ocrx_word' id='word_1_133' title='bbox 936 2643 990 2708; x_wconf 87' lang='lat' dir='ltr'><strong>vel</strong></span> <span class='ocrx_word' id='word_1_134' title='bbox 1026 2643 1052 2708; x_wconf 82' lang='grc' dir='ltr'><strong>οἱ</strong></span> <span class='ocrx_word' id='word_1_135' title='bbox 1085 2646 1312 2726; x_wconf 79' lang='grc' dir='ltr'><strong>σκεννφνρνῡτ’,</strong></span> <span class='ocrx_word' id='word_1_136' title='bbox 1346 2645 1400 2710; x_wconf 83' lang='lat' dir='ltr'><strong>vel</strong></span> <span class='ocrx_word' id='word_1_137' title='bbox 1434 2641 1468 2709; x_wconf 77' lang='grc' dir='ltr'><strong>οἵ</strong></span> <span class='ocrx_word' id='word_1_138' title='bbox 1494 2670 1576 2720; x_wconf 79' lang='grc' dir='ltr'><strong>τινες</strong></span> 
     </span>
     <span class='ocr_line' id='line_1_19' title="bbox 388 2762 1576 2851; baseline -0.001 -16"><span class='ocrx_word' id='word_1_139' title='bbox 388 2770 615 2851; x_wconf 80' lang='grc' dir='ltr'><strong>τκεννφνρνῡσ’,</strong></span> <span class='ocrx_word' id='word_1_140' title='bbox 646 2767 701 2834; x_wconf 88' lang='lat' dir='ltr'><strong>vel</strong></span> <span class='ocrx_word' id='word_1_141' title='bbox 732 2762 865 2841; x_wconf 76' lang='grc' dir='ltr'><strong>οἵτινες</strong></span> <span class='ocrx_word' id='word_1_142' title='bbox 896 2764 987 2841; x_wconf 78' lang='grc' dir='ltr'><strong><em>σκεύη</em></strong></span> <span class='ocrx_word' id='word_1_143' title='bbox 1020 2767 1576 2849; x_wconf 47' lang='lat' dir='ltr'><strong>bonoim,velroiqrxsvocpop01762</strong></span> 
     </span>
    </p>
   </div>
   <div class='ocr_carea' id='block_1_7' title="bbox 388 2887 1572 2975">
    <p class='ocr_par' dir='ltr' id='par_1_8' title="bbox 388 2887 1572 2975">
     <span class='ocr_line' id='line_1_20' title="bbox 388 2887 1572 2975; baseline 0 -17"><span class='ocrx_word' id='word_1_144' title='bbox 388 2892 444 2958; x_wconf 89' lang='lat' dir='ltr'><strong>vel</strong></span> <span class='ocrx_word' id='word_1_145' title='bbox 466 2892 492 2958; x_wconf 87' lang='lat' dir='ltr'><strong>oi</strong></span> <span class='ocrx_word' id='word_1_146' title='bbox 515 2891 736 2973; x_wconf 60' lang='lat' dir='ltr'><strong>uueuooopoiu’.</strong></span> <span class='ocrx_word' id='word_1_147' title='bbox 771 2888 857 2972; x_wconf 84' lang='lat' dir='ltr'><strong>Quae</strong></span> <span class='ocrx_word' id='word_1_148' title='bbox 880 2887 1030 2954; x_wconf 89' lang='lat' dir='ltr'><strong>lectionis</strong></span> <span class='ocrx_word' id='word_1_149' title='bbox 1053 2889 1229 2954; x_wconf 88' lang='lat' dir='ltr'><strong>varietates</strong></span> <span class='ocrx_word' id='word_1_150' title='bbox 1251 2889 1305 2954; x_wconf 89' lang='lat' dir='ltr'><strong>vel</strong></span> <span class='ocrx_word' id='word_1_151' title='bbox 1327 2891 1409 2975; x_wconf 89' lang='lat' dir='ltr'><strong>ipsae</strong></span> <span class='ocrx_word' id='word_1_152' title='bbox 1424 2888 1572 2957; x_wconf 86' lang='lat' dir='ltr'><strong>clamant</strong></span> 
     </span>
    </p>
   </div>
   <div class='ocr_carea' id='block_1_8' title="bbox 389 3010 1573 3581">
    <p class='ocr_par' dir='ltr' id='par_1_9' title="bbox 389 3010 1573 3581">
     <span class='ocr_line' id='line_1_21' title="bbox 389 3010 1573 3087; baseline 0 -8"><span class='ocrx_word' id='word_1_153' title='bbox 389 3016 478 3079; x_wconf 90' lang='lat' dir='ltr'><strong>hunc</strong></span> <span class='ocrx_word' id='word_1_154' title='bbox 510 3033 641 3079; x_wconf 83' lang='lat' dir='ltr'><strong>versum</strong></span> <span class='ocrx_word' id='word_1_155' title='bbox 663 3014 732 3077; x_wconf 88' lang='lat' dir='ltr'><strong>iure</strong></span> <span class='ocrx_word' id='word_1_156' title='bbox 755 3032 776 3075; x_wconf 91' lang='lat' dir='ltr'><strong>a</strong></span> <span class='ocrx_word' id='word_1_157' title='bbox 798 3010 982 3087; x_wconf 88' lang='lat' dir='ltr'><strong>Dindorfi0‚</strong></span> <span class='ocrx_word' id='word_1_158' title='bbox 1007 3011 1184 3086; x_wconf 86' lang='lat' dir='ltr'><strong>Meinekio,</strong></span> <span class='ocrx_word' id='word_1_159' title='bbox 1208 3011 1348 3086; x_wconf 86' lang='lat' dir='ltr'><strong>Koclrio,</strong></span> <span class='ocrx_word' id='word_1_160' title='bbox 1372 3014 1573 3079; x_wconf 86' lang='lat' dir='ltr'><strong>Leeuwenio</strong></span> 
     </span>
     <span class='ocr_line' id='line_1_22' title="bbox 390 3133 1573 3216; baseline 0 -16"><span class='ocrx_word' id='word_1_161' title='bbox 390 3135 536 3200; x_wconf 87' lang='lat' dir='ltr'><strong>deletum</strong></span> <span class='ocrx_word' id='word_1_162' title='bbox 578 3154 660 3199; x_wconf 89' lang='lat' dir='ltr'><strong>esse.</strong></span> <span class='ocrx_word' id='word_1_163' title='bbox 715 3134 845 3216; x_wconf 87' lang='lat' dir='ltr'><strong>Nempe</strong></span> <span class='ocrx_word' id='word_1_164' title='bbox 886 3133 965 3198; x_wconf 91' lang='lat' dir='ltr'><strong>olim</strong></span> <span class='ocrx_word' id='word_1_165' title='bbox 1008 3141 1202 3198; x_wconf 87' lang='lat' dir='ltr'><strong>annotatum</strong></span> <span class='ocrx_word' id='word_1_166' title='bbox 1244 3133 1303 3198; x_wconf 84' lang='lat' dir='ltr'><strong>suit</strong></span> <span class='ocrx_word' id='word_1_167' title='bbox 1341 3138 1573 3216; x_wconf 80' lang='grc' dir='ltr'><strong>τκεννφνροῡσνν</strong></span> 
     </span>
     <span class='ocr_line' id='line_1_23' title="bbox 391 3253 1571 3339; baseline 0 -17"><span class='ocrx_word' id='word_1_168' title='bbox 391 3255 535 3322; x_wconf 70' lang='grc' dir='ltr'><strong><em>ἑκάστοτ’</em></strong></span> <span class='ocrx_word' id='word_1_169' title='bbox 567 3257 597 3320; x_wconf 80' lang='grc' dir='ltr'><strong>ἐν</strong></span> <span class='ocrx_word' id='word_1_170' title='bbox 623 3263 663 3338; x_wconf 71' lang='grc' dir='ltr'><strong>τῇ</strong></span> <span class='ocrx_word' id='word_1_171' title='bbox 685 3253 839 3339; x_wconf 68' lang='grc' dir='ltr'><strong>κωμῳδίᾳ,</strong></span> <span class='ocrx_word' id='word_1_172' title='bbox 863 3255 915 3319; x_wconf 89' lang='lat' dir='ltr'><strong>vel</strong></span> <span class='ocrx_word' id='word_1_173' title='bbox 938 3254 1045 3320; x_wconf 89' lang='lat' dir='ltr'><strong>simile</strong></span> <span class='ocrx_word' id='word_1_174' title='bbox 1068 3255 1208 3338; x_wconf 88' lang='lat' dir='ltr'><strong>aliquid;</strong></span> <span class='ocrx_word' id='word_1_175' title='bbox 1234 3257 1325 3320; x_wconf 90' lang='lat' dir='ltr'><strong>cuius</strong></span> <span class='ocrx_word' id='word_1_176' title='bbox 1348 3258 1571 3324; x_wconf 85' lang='lat' dir='ltr'><strong>annotationis</strong></span> 
     </span>
     <span class='ocr_line' id='line_1_24' title="bbox 390 3375 1570 3462; baseline 0.001 -19"><span class='ocrx_word' id='word_1_177' title='bbox 390 3378 528 3444; x_wconf 88' lang='lat' dir='ltr'><strong>verbum</strong></span> <span class='ocrx_word' id='word_1_178' title='bbox 562 3380 751 3460; x_wconf 81' lang='grc' dir='ltr'><strong>τκεννφνρεῖν</strong></span> <span class='ocrx_word' id='word_1_179' title='bbox 786 3378 909 3461; x_wconf 89' lang='lat' dir='ltr'><strong>optime</strong></span> <span class='ocrx_word' id='word_1_180' title='bbox 944 3375 1122 3441; x_wconf 90' lang='lat' dir='ltr'><strong>illustratur</strong></span> <span class='ocrx_word' id='word_1_181' title='bbox 1153 3378 1315 3462; x_wconf 86' lang='lat' dir='ltr'><strong>exemplis</strong></span> <span class='ocrx_word' id='word_1_182' title='bbox 1347 3377 1570 3460; x_wconf 86' lang='lat' dir='ltr'><strong>aBlaydesio</strong></span> 
     </span>
     <span class='ocr_line' id='line_1_25' title="bbox 391 3495 1570 3581; baseline -0.002 -14"><span class='ocrx_word' id='word_1_183' title='bbox 391 3500 498 3567; x_wconf 89' lang='lat' dir='ltr'><strong>allatis</strong></span> <span class='ocrx_word' id='word_1_184' title='bbox 531 3501 772 3581; x_wconf 81' lang='grc' dir='ltr'><strong>κροκωτνφνρεῑν,</strong></span> <span class='ocrx_word' id='word_1_185' title='bbox 797 3498 1022 3580; x_wconf 76' lang='grc' dir='ltr'><strong>θνλκκνφνρεῑν,</strong></span> <span class='ocrx_word' id='word_1_186' title='bbox 1047 3495 1234 3580; x_wconf 78' lang='grc' dir='ltr'><strong><em>ξυλνφνρεῖν,</em></strong></span> <span class='ocrx_word' id='word_1_187' title='bbox 1259 3496 1447 3580; x_wconf 80' lang='grc' dir='ltr'><strong><em>ξυροφορεῑν;</em></strong></span> <span class='ocrx_word' id='word_1_188' title='bbox 1472 3522 1570 3568; x_wconf 66' lang='lat' dir='ltr'><strong>curvo</strong></span> 
     </span>
    </p>
   </div>
   <div class='ocr_carea' id='block_1_9' title="bbox 390 3730 1569 4130">
    <p class='ocr_par' dir='ltr' id='par_1_10' title="bbox 390 3730 1569 4032">
     <span class='ocr_line' id='line_1_26' title="bbox 424 3730 1565 3797; baseline 0.002 -15"><span class='ocrx_word' id='word_1_189' title='bbox 424 3731 444 3794; x_wconf 91' lang='lat' dir='ltr'><strong>l)</strong></span> <span class='ocrx_word' id='word_1_190' title='bbox 461 3732 522 3782; x_wconf 85' lang='lat' dir='ltr'><strong>Alia</strong></span> <span class='ocrx_word' id='word_1_191' title='bbox 546 3748 586 3783; x_wconf 86' lang='lat' dir='ltr'><strong>res</strong></span> <span class='ocrx_word' id='word_1_192' title='bbox 608 3740 646 3782; x_wconf 91' lang='lat' dir='ltr'><strong>est</strong></span> <span class='ocrx_word' id='word_1_193' title='bbox 671 3733 699 3782; x_wconf 88' lang='lat' dir='ltr'><strong>in</strong></span> <span class='ocrx_word' id='word_1_194' title='bbox 723 3730 964 3796; x_wconf 75' lang='lat' dir='ltr'><strong>interpolationibus</strong></span> <span class='ocrx_word' id='word_1_195' title='bbox 981 3730 1074 3795; x_wconf 88' lang='lat' dir='ltr'><strong>quibus</strong></span> <span class='ocrx_word' id='word_1_196' title='bbox 1090 3730 1244 3795; x_wconf 78' lang='lat' dir='ltr'><strong>tragicorum</strong></span> <span class='ocrx_word' id='word_1_197' title='bbox 1261 3731 1402 3797; x_wconf 87' lang='lat' dir='ltr'><strong>praesertim</strong></span> <span class='ocrx_word' id='word_1_198' title='bbox 1423 3730 1565 3784; x_wconf 79' lang='lat' dir='ltr'><strong>Graeconm</strong></span> 
     </span>
     <span class='ocr_line' id='line_1_27' title="bbox 390 3812 1569 3880; baseline 0 -14"><span class='ocrx_word' id='word_1_199' title='bbox 390 3816 485 3868; x_wconf 79' lang='lat' dir='ltr'><strong>fabulae</strong></span> <span class='ocrx_word' id='word_1_200' title='bbox 507 3816 634 3866; x_wconf 83' lang='lat' dir='ltr'><strong>interdum</strong></span> <span class='ocrx_word' id='word_1_201' title='bbox 651 3823 773 3880; x_wconf 82' lang='lat' dir='ltr'><strong>corruptae</strong></span> <span class='ocrx_word' id='word_1_202' title='bbox 789 3822 855 3880; x_wconf 75' lang='lat' dir='ltr'><strong>sunt,</strong></span> <span class='ocrx_word' id='word_1_203' title='bbox 872 3841 905 3853; x_wconf 93' lang='lat'>-</span> <span class='ocrx_word' id='word_1_204' title='bbox 921 3813 962 3864; x_wconf 82' lang='lat' dir='ltr'><strong>hae</strong></span> <span class='ocrx_word' id='word_1_205' title='bbox 978 3812 1048 3863; x_wconf 88' lang='lat' dir='ltr'><strong>enim</strong></span> <span class='ocrx_word' id='word_1_206' title='bbox 1064 3813 1171 3863; x_wconf 88' lang='lat' dir='ltr'><strong>minime</strong></span> <span class='ocrx_word' id='word_1_207' title='bbox 1188 3814 1330 3865; x_wconf 86' lang='lat' dir='ltr'><strong>scholiastis</strong></span> <span class='ocrx_word' id='word_1_208' title='bbox 1347 3815 1489 3865; x_wconf 83' lang='lat' dir='ltr'><strong>tribuendae</strong></span> <span class='ocrx_word' id='word_1_209' title='bbox 1510 3823 1569 3880; x_wconf 70' lang='lat' dir='ltr'><strong>sunt,</strong></span> 
     </span>
     <span class='ocr_line' id='line_1_28' title="bbox 391 3894 1566 3966; baseline -0.002 -16"><span class='ocrx_word' id='word_1_210' title='bbox 391 3899 437 3950; x_wconf 89' lang='lat' dir='ltr'><strong>sed</strong></span> <span class='ocrx_word' id='word_1_211' title='bbox 461 3899 543 3964; x_wconf 89' lang='lat' dir='ltr'><strong>poetis</strong></span> <span class='ocrx_word' id='word_1_212' title='bbox 568 3900 610 3949; x_wconf 83' lang='lat' dir='ltr'><strong>vel</strong></span> <span class='ocrx_word' id='word_1_213' title='bbox 634 3899 808 3966; x_wconf 78' lang='lat' dir='ltr'><strong>histrionibus,</strong></span> <span class='ocrx_word' id='word_1_214' title='bbox 835 3897 879 3964; x_wconf 91' lang='lat' dir='ltr'><strong>qui</strong></span> <span class='ocrx_word' id='word_1_215' title='bbox 904 3911 958 3946; x_wconf 90' lang='lat' dir='ltr'><strong>non</strong></span> <span class='ocrx_word' id='word_1_216' title='bbox 984 3896 1020 3946; x_wconf 82' lang='lat' dir='ltr'><strong>ita</strong></span> <span class='ocrx_word' id='word_1_217' title='bbox 1045 3894 1090 3946; x_wconf 92' lang='lat' dir='ltr'><strong>diu</strong></span> <span class='ocrx_word' id='word_1_218' title='bbox 1110 3903 1168 3961; x_wconf 86' lang='lat' dir='ltr'><strong>post</strong></span> <span class='ocrx_word' id='word_1_219' title='bbox 1194 3897 1311 3963; x_wconf 87' lang='lat' dir='ltr'><strong>quintum</strong></span> <span class='ocrx_word' id='word_1_220' title='bbox 1327 3897 1447 3948; x_wconf 62' lang='lat' dir='ltr'><strong>mulum</strong></span> <span class='ocrx_word' id='word_1_221' title='bbox 1464 3913 1486 3947; x_wconf 78' lang='lat' dir='ltr'><strong>n</strong></span> <span class='ocrx_word' id='word_1_222' title='bbox 1559 3935 1566 3948; x_wconf 89' lang='lat'>.</span> 
     </span>
     <span class='ocr_line' id='line_1_29' title="bbox 392 3981 625 4032; baseline 0.009 -2"><span class='ocrx_word' id='word_1_223' title='bbox 392 3981 483 4031; x_wconf 84' lang='lat' dir='ltr'><strong>vixisse</strong></span> <span class='ocrx_word' id='word_1_224' title='bbox 500 3982 625 4032; x_wconf 82' lang='lat' dir='ltr'><strong>videntur.</strong></span> 
     </span>
    </p>

    <p class='ocr_par' dir='ltr' id='par_1_11' title="bbox 425 4061 1557 4130">
     <span class='ocr_line' id='line_1_30' title="bbox 425 4061 1557 4130; baseline -0.004 -16"><span class='ocrx_word' id='word_1_225' title='bbox 425 4063 445 4126; x_wconf 74' lang='lat'><strong>²)</strong></span> <span class='ocrx_word' id='word_1_226' title='bbox 462 4065 597 4114; x_wconf 84' lang='lat' dir='ltr'><strong>Eiusmodi</strong></span> <span class='ocrx_word' id='word_1_227' title='bbox 615 4064 767 4115; x_wconf 84' lang='lat' dir='ltr'><strong>emblemata</strong></span> <span class='ocrx_word' id='word_1_228' title='bbox 785 4064 813 4114; x_wconf 89' lang='lat' dir='ltr'><strong>in</strong></span> <span class='ocrx_word' id='word_1_229' title='bbox 829 4064 853 4112; x_wconf 89' lang='lat' dir='ltr'>V</span> <span class='ocrx_word' id='word_1_230' title='bbox 871 4070 896 4112; x_wconf 87' lang='lat' dir='ltr'><strong>et</strong></span> <span class='ocrx_word' id='word_1_231' title='bbox 911 4063 997 4113; x_wconf 90' lang='lat' dir='ltr'><strong>multis</strong></span> <span class='ocrx_word' id='word_1_232' title='bbox 1014 4063 1072 4114; x_wconf 82' lang='lat' dir='ltr'><strong>aliis</strong></span> <span class='ocrx_word' id='word_1_233' title='bbox 1089 4063 1204 4114; x_wconf 85' lang='lat' dir='ltr'><strong>invenies</strong></span> <span class='ocrx_word' id='word_1_234' title='bbox 1221 4063 1305 4115; x_wconf 79' lang='lat' dir='ltr'><em>Nuhb.</em></span> <span class='ocrx_word' id='word_1_235' title='bbox 1327 4073 1398 4130; x_wconf 88' lang='lat'>1317,</span> <span class='ocrx_word' id='word_1_236' title='bbox 1415 4062 1460 4112; x_wconf 93' lang='lat' dir='ltr'><strong>ubi</strong></span> <span class='ocrx_word' id='word_1_237' title='bbox 1471 4061 1509 4111; x_wconf 88' lang='lat' dir='ltr'><strong>irr</strong></span> <span class='ocrx_word' id='word_1_238' title='bbox 1552 4066 1557 4076; x_wconf 84' lang='lat'>&#39;</span> 
     </span>
    </p>
   </div>
   <div class='ocr_carea' id='block_1_10' title="bbox 393 4474 1560 4624">
    <p class='ocr_par' dir='ltr' id='par_1_12' title="bbox 393 4474 1560 4624">
     <span class='ocr_line' id='line_1_31' title="bbox 393 4474 1560 4543; baseline 0 -17"><span class='ocrx_word' id='word_1_239' title='bbox 393 4492 484 4527; x_wconf 88' lang='lat' dir='ltr'><strong>manus</strong></span> <span class='ocrx_word' id='word_1_240' title='bbox 509 4476 598 4540; x_wconf 84' lang='lat' dir='ltr'><strong>altera)</strong></span> <span class='ocrx_word' id='word_1_241' title='bbox 625 4475 708 4539; x_wconf 70' lang='grc' dir='ltr'><strong><em>ὥσπερ</em></strong></span> <span class='ocrx_word' id='word_1_242' title='bbox 726 4474 751 4527; x_wconf 79' lang='grc' dir='ltr'><strong>ἐν</strong></span> <span class='ocrx_word' id='word_1_243' title='bbox 768 4482 803 4540; x_wconf 78' lang='grc' dir='ltr'><strong>τῷ</strong></span> <span class='ocrx_word' id='word_1_244' title='bbox 821 4476 866 4540; x_wconf 72' lang='grc' dir='ltr'><strong>βίῳ</strong></span> <span class='ocrx_word' id='word_1_245' title='bbox 884 4475 899 4534; x_wconf 74' lang='lat' dir='ltr'><strong>li</strong></span> <span class='ocrx_word' id='word_1_246' title='bbox 917 4476 1001 4539; x_wconf 67' lang='grc' dir='ltr'><strong><em>ὕστερ</em></strong></span> <span class='ocrx_word' id='word_1_247' title='bbox 1018 4475 1044 4528; x_wconf 78' lang='grc' dir='ltr'><strong>ἐν</strong></span> <span class='ocrx_word' id='word_1_248' title='bbox 1059 4477 1185 4537; x_wconf 58' lang='lat' dir='ltr'><strong>&#39;Atrium</strong></span> <span class='ocrx_word' id='word_1_249' title='bbox 1203 4492 1259 4543; x_wconf 86' lang='lat' dir='ltr'><strong>quae</strong></span> <span class='ocrx_word' id='word_1_250' title='bbox 1276 4484 1333 4527; x_wconf 87' lang='lat' dir='ltr'><strong>sunt</strong></span> <span class='ocrx_word' id='word_1_251' title='bbox 1350 4483 1406 4528; x_wconf 80' lang='lat' dir='ltr'><strong>orta</strong></span> <span class='ocrx_word' id='word_1_252' title='bbox 1423 4492 1454 4526; x_wconf 90' lang='lat' dir='ltr'><strong>ex</strong></span> <span class='ocrx_word' id='word_1_253' title='bbox 1471 4491 1497 4526; x_wconf 90' lang='lat' dir='ltr'><strong>sc</strong></span> <span class='ocrx_word' id='word_1_254' title='bbox 1556 4487 1560 4496; x_wconf 87' lang='lat'>·</span> 
     </span>
     <span class='ocr_line' id='line_1_32' title="bbox 394 4555 794 4624; baseline 0 -15"><span class='ocrx_word' id='word_1_255' title='bbox 394 4559 428 4609; x_wconf 83' lang='lat' dir='ltr'><strong>nd</strong></span> <span class='ocrx_word' id='word_1_256' title='bbox 444 4558 528 4621; x_wconf 68' lang='grc' dir='ltr'><strong><em>ὥσπερ</em></strong></span> <span class='ocrx_word' id='word_1_257' title='bbox 546 4555 630 4608; x_wconf 63' lang='lat' dir='ltr'><strong>tutata</strong></span> <span class='ocrx_word' id='word_1_258' title='bbox 648 4559 676 4608; x_wconf 92' lang='lat' dir='ltr'><strong>in</strong></span> <span class='ocrx_word' id='word_1_259' title='bbox 693 4574 719 4608; x_wconf 88' lang='lat' dir='ltr'><strong>v.</strong></span> <span class='ocrx_word' id='word_1_260' title='bbox 737 4557 794 4624; x_wconf 85' lang='lat'><strong>783.</strong></span> 
     </span>
    </p>
   </div>
   <div class='ocr_carea' id='block_1_11' title="bbox 0 0 1733 5394">
    <p class='ocr_par' dir='ltr' id='par_1_13' title="bbox 0 0 1733 5394">
     <span class='ocr_line' id='line_1_33' title="bbox 0 0 1733 5394; baseline 0 0"><span class='ocrx_word' id='word_1_261' title='bbox 0 0 1733 5394; x_wconf 95' lang='lat' dir='ltr'><strong> </strong></span> 
     </span>
    </p>
   </div>
  </div>
 </body>
</html>
