3434 5394
854 463 896 531 54

282 637 381 704 κονίποι
404 637 437 702 σι’
462 661 504 702 σοι
528 635 583 718 ζῆν
608 633 701 713 ἄξιον,
726 635 841 702 τούτων
865 635 916 700 εὀἰν
941 637 1082 718 στερηθῇς
1103 647 1180 720 post
1211 635 1265 717 ζῆν
1288 640 1320 703 in
1345 639 1417 702 Par.
1432 655 1463 718 3,

282 761 374 826 Leid.
401 775 430 843 5,
446 758 541 824 Bodl.
558 774 577 843 7
595 759 743 824 additum
758 767 809 824 est
824 759 915 824 ἐστιν.
940 759 978 824 Ιιι
1001 759 1149 825 eiusdem
1172 759 1293 826 sabulae
1315 781 1365 825 vs.
1389 779 1462 841 1374

883 943 955 1029 κᾷτ’
981 945 1121 1023 ἐντεῦθεν,
1147 942 1204 1011 οἷον
1229 946 1317 1022 εἰκός,

617 1068 690 1142 ἔπος
712 1067 785 1149 πρδς
809 1067 880 1141 ἔπος
905 1067 1095 1150 ἠρειδόμεσθ’,

282 1251 316 1314 in
338 1251 408 1315 Par.
433 1267 451 1332 3
478 1258 511 1315 et
533 1248 626 1314 Leid.
653 1260 669 1329 5
694 1257 771 1332 post
794 1244 870 1321 εἰκός
892 1249 1037 1332 sequitur
1063 1242 1105 1322 ἦν.

330 1371 407 1436 Duo
430 1369 526 1435 simul
548 1371 629 1434 vitia
651 1370 905 1452 inquinaverunt
920 1371 953 1434 in
973 1370 1137 1434 nonnullis
1156 1371 1326 1436 codicibus
1337 1377 1463 1436 Avium

282 1514 424 1562 versum
446 1513 510 1572 291,
528 1493 584 1577 qui
607 1493 654 1557 sic
677 1493 855 1558 rectissime
878 1512 897 1558 e
921 1493 1090 1558 codicibus
1111 1503 1132 1556 Β
1156 1503 1190 1558 et
1215 1502 1242 1558 Δ
1267 1495 1394 1561 editur:

441 1678 527 1745 οὶλλοὶ
551 1677 654 1758 μέντοι
677 1678 724 1751 τίς
748 1679 813 1745 ποθ’
840 1681 857 1753 ἡ
881 1677 1016 1762 λόφωσις
1039 1679 1057 1754 η
1081 1686 1141 1745 πῶν
1164 1681 1285 1761 ὃρνὲοινς

284 1861 338 1925 hic
367 1861 456 1925 eninr
487 1879 550 1956 prol
572 1861 588 1933 ἡ
610 1863 669 1923 τῶν
696 1857 794 1940 ὀρνέων
816 1860 927 1925 codex
949 1856 982 1922 A
1005 1869 1039 1924 et
1063 1859 1167 1925 editio
1192 1861 1316 1927 Aldina
1337 1861 1461 1927 habent

286 1980 303 2054 ἡ
328 1980 374 2043 ’πι
397 2001 426 2041 π.
449 1978 484 2052 δ,
508 1979 541 2041 in
566 1978 596 2041 R
620 1986 729 2043 autem
754 1987 804 2043 est
824 1977 888 2041 ἐστ’
913 1975 979 2051 ini,
1002 1977 1035 2041 in
1059 1977 1093 2042 V
1118 1977 1177 2042 ἐσθ’
1203 1979 1220 2052 ἡ
1245 1977 1301 2042 ’πὶ

332 2100 416 2182 Quae
439 2100 629 2166 observatio
651 2100 739 2166 valet
762 2121 791 2166 e.
815 2122 848 2185 g.
872 2100 915 2165 ad
937 2104 1042 2166 Nnbb.
1059 2119 1128 2181 371:

400 2271 499 2338 κοιίσοι
522 2281 601 2355 χρῆν
624 2271 739 2353 οἷδρίοος
762 2268 820 2338 ὕειν
843 2270 946 2348 αὐτόν,
971 2270 1093 2345 τούτοις
1118 2271 1145 2336 δ’
1170 2271 1352 2351 ἀποδημεῖν,

291 2453 347 2518 ubi
377 2462 455 2536 post
483 2451 597 2533 ιοῖθρίοος
626 2453 659 2517 V
682 2472 757 2517 curn
780 2452 889 2517 multis
919 2453 990 2517 aliis
1013 2461 1046 2516 et
1068 2451 1173 2518 Suida
1196 2453 1216 2515 i.
1238 2474 1270 2518 v.
1293 2452 1465 2531 ιξποδημεῑν

292 2574 393 2639 habet
421 2571 525 2652 οὔσης;
549 2575 639 2657 quod
663 2574 820 2639 omittitur
843 2575 876 2640 in
900 2576 930 2639 R
953 2584 987 2639 et
1009 2574 1173 2660 plerisque
1196 2575 1328 2652 ceteris;
1360 2577 1465 2658 magis

290 2699 389 2782 igitur
419 2706 469 2761 est
498 2696 672 2762 verisimile
703 2694 801 2773 οὔσης,
833 2717 900 2761 non
924 2694 1029 2773 αὐτόν,
1052 2706 1088 2761 ut
1111 2706 1223 2762 censet
1244 2695 1398 2779 Blaydes‚
1423 2717 1466 2760 ex

291 2819 559 2903 interpretatione
581 2827 689 2882 ortum
712 2839 785 2884 esse
802 2819 833 2904 ¹).

338 2940 473 3024 Optime
495 2941 636 3005 decurrit
657 2947 765 3020 vesp.
783 2947 847 3014 186,
871 2941 953 3006 sicut
976 2941 1075 3006 hodie
1099 2942 1221 3006 editur:

503 3104 596 3183 Οὖσις
620 3108 668 3188 μοὶ
692 3110 743 3175 τὸν
770 3110 826 3176 Δί’
852 3109 886 3176 οὔ
908 3133 938 3175 σι
962 3110 1118 3192 χαιρήσων
1142 3135 1180 3189 νε
1204 3112 1250 3202 οὐ,

292 3300 369 3357 ante
399 3290 584 3355 Bekkerum
615 3299 725 3355 autem
759 3291 894 3375 vulgata
917 3300 987 3357 erat
1010 3291 1107 3356 lectio
1131 3291 1162 3369 ν’
1189 3289 1248 3356 ἔσει
1270 3312 1331 3376 pro
1355 3315 1394 3369 με
1413 3288 1467 3366 οὖς

293 3435 378 3497 quae,
401 3414 520 3480 tradita
543 3413 576 3475 in
599 3411 626 3475 B
649 3421 683 3476 et
706 3419 734 3475 Δ
759 3413 801 3494 (μ’
827 3409 889 3495 ἔση)
915 3422 948 3477 et
970 3413 1013 3477 ab
1029 3413 1216 3496 Hirschigio
1233 3421 1371 3488 retenta,
1388 3433 1466 3496 quo·

287 3537 394 3600 modo
428 3545 500 3600 orta
533 3536 575 3598 sit
608 3535 754 3599 ostendit
786 3535 884 3598 lectio
921 3536 1072 3599 codicum
1096 3536 1128 3600 V
1151 3545 1185 3600 et
1216 3533 1242 3598 C
1274 3555 1312 3612 γε
1336 3533 1373 3598 σὺ
1408 3532 1466 3599 ἔσει

292 3659 357 3744 (vel
381 3656 453 3743 ἔση).

337 3905 500 3988 Participii
533 3904 705 3987 praesentis
740 3903 977 3968 nominativum
1009 3903 1180 3968 masculini
1202 3905 1332 3988 generis
1357 3902 1465 3968 alieno

294 4029 368 4091 loco
399 4028 555 4090 insertum
585 4025 689 4090 habes
712 4033 915 4105 Vesp.119n,
934 4027 990 4090 ubi
1022 4025 1078 4101 ἤδη
1109 4025 1202 4105 γε’ροιν
1233 4024 1270 4089 ὢν
1302 4023 1407 4098 πολιὸς
1429 4023 1466 4088 ὧν

293 4148 395 4213 habet
428 4149 461 4213 V
495 4169 555 4233 pro
589 4147 644 4224 ἤδη
679 4146 770 4229 γέρον
805 4147 842 4212 ὢν
872 4147 925 4213 uni
952 4147 1073 4227 πολιός;
1097 4170 1164 4232 qua
1186 4148 1326 4214 lectione
1349 4169 1466 4232 parum

293 4281 381 4336 recte
404 4271 562 4356 Bergkius
586 4293 663 4336 usus
687 4273 802 4337 estad
826 4272 1054 4337 coniciendum
1077 4269 1179 4356 (Praef.
1203 4294 1236 4355 p.
1261 4270 1385 4356 XXIV)
1411 4268 1466 4345 ἤδη

327 4585 346 4649 1)
365 4585 465 4636 Eodem
482 4587 560 4637 modo
578 4583 632 4636 odor
649 4587 677 4636 in
694 4587 717 4636 V
734 4586 848 4637 additum
865 4593 901 4637 est
918 4586 983 4638 Plut.
1002 4587 1058 4652 516.
