3434 5394
804 541 821 608 5

223 737 334 782 secum
364 723 529 781 statueret.
563 715 647 778 Mira
676 711 826 797 profecto
853 713 998 796 prodiret
1028 713 1128 777 editio
1151 712 1246 776 huius
1269 710 1399 790 fabulae,

223 841 256 903 in
278 859 344 922 qua
367 837 569 904 recensenda
591 838 664 920 ipso
687 835 794 899 iudice
816 835 952 919 impune
977 835 1108 918 neglegi
1131 844 1268 918 possent
1284 856 1398 900 omnes

222 962 355 1025 codices
385 969 505 1044 praeter
531 960 562 1022 R
594 968 628 1023 et
657 958 700 1034 V,
733 957 891 1040 quoniam
914 959 957 1022 ad
981 978 1055 1024 eam
1078 959 1169 1041 quod
1192 958 1310 1022 attinet
1332 978 1400 1022 rec·

220 1084 345 1148 tissime
368 1082 409 1146 G.
435 1082 645 1146 Hermannus
668 1081 797 1145 monuit
818 1079 924 1164 (Praef.
947 1103 981 1165 p.
1007 1081 1065 1165 IX)
1083 1101 1171 1157 „non
1186 1080 1290 1144 videri
1305 1081 1401 1145 dubi·

220 1206 282 1268 tari
304 1224 403 1288 posse
426 1205 505 1286 quin
529 1203 560 1265 R
584 1211 617 1267 et
639 1203 672 1266 V
695 1223 739 1266 ex
762 1203 881 1266 eodem
905 1201 997 1267 fonte
1020 1201 1192 1267 fluxerint*
1207 1202 1238 1286 ¹).

266 1324 321 1390 Sic
341 1335 460 1408 sponte
476 1324 616 1389 devenio
631 1325 675 1388 ad
691 1345 765 1388 eam
781 1325 995 1406 quaestionem
1011 1344 1086 1407 quae
1102 1323 1211 1388 multis
1227 1325 1398 1408 permagni

221 1448 379 1512 momenti
402 1448 473 1511 visa
496 1455 556 1524 est,
581 1447 641 1512 sed
657 1445 747 1523 mihi,
764 1454 799 1511 ut
814 1447 925 1510 statim
943 1445 1057 1522 fatear,
1073 1448 1131 1510 vix
1150 1447 1251 1530 digna
1267 1448 1398 1511 videtur

221 1571 254 1632 in
281 1589 348 1651 qua
371 1569 417 1633 ita
440 1569 495 1633 diu
518 1588 771 1633 commoremur.
817 1568 946 1651 Nempe
970 1570 1125 1650 quaeritur
1141 1569 1247 1633 sintne
1263 1570 1346 1633 inter
1362 1589 1399 1632 se

221 1691 352 1773 cognati
395 1691 572 1754 Ravennas
617 1699 650 1754 et
685 1690 833 1754 Venetus
867 1710 983 1753 necne.
1031 1689 1092 1753 Cui
1126 1691 1297 1772 quaestioni
1333 1711 1398 1775 ego

219 1829 364 1890 quoque,
400 1817 435 1872 ut
464 1810 606 1891 primum
638 1808 897 1891 Aristophanem
927 1811 1063 1888 κριτικῶς
1093 1817 1233 1873 tractare
1265 1809 1397 1885 institui,

218 1949 318 2010 quam
349 1931 589 1994 accuratissime
620 1950 757 2013 operam
789 1931 868 1995 dare
897 1931 932 1992 in
960 1932 1104 1994 animum
1127 1931 1243 1995 induxi
1267 1948 1393 2006 meum;

219 2071 334 2116 omnes
364 2053 462 2135 igitur
493 2051 584 2115 locos
617 2051 696 2114 mihi
728 2053 861 2116 enotavi
895 2052 951 2116 ubi
982 2050 1046 2116 RV
1077 2053 1110 2115 et
1139 2053 1172 2116 in
1195 2053 1283 2116 vitiis
1306 2054 1340 2117 et
1362 2053 1396 2114 in

219 2173 393 2237 virtutibus
417 2175 501 2237 inter
524 2194 559 2238 se
578 2174 807 2252 consentiunt;
825 2175 1044 2258 quonegotio
1061 2173 1152 2237 finito
1169 2183 1202 2238 et
1217 2174 1398 2238 rationibus

219 2295 390 2359 subductis
401 2296 553 2378 apparuit
566 2316 619 2359 me
631 2295 749 2359 eodem
762 2296 961 2378 pervenisse,
974 2317 1041 2379 quo
1054 2305 1131 2359 ante
1140 2317 1194 2359 me
1202 2305 1398 2379 pervenerat

219 2417 246 2479 is
280 2437 379 2498 quem
410 2419 553 2500 primum
575 2419 609 2481 in
632 2417 717 2481 hanc
740 2439 808 2482 rem
832 2419 1038 2501 inquisivisse
1062 2419 1214 2501 cognovi,
1239 2417 1398 2481 Albertus

220 2559 287 2603 von
316 2539 491 2624 Bamberg.
538 2539 603 2623 Qui
636 2561 723 2604 anno
759 2540 839 2620 1865
874 2543 907 2604 in
938 2539 1049 2605 libello
1081 2543 1123 2603 de
1147 2540 1341 2604 Ravennate
1364 2547 1398 2602 et

219 2660 350 2725 Veneto
391 2661 621 2746 Aristophanis
657 2663 868 2748 codicibus²)‚
901 2664 1028 2746 optimo
1059 2663 1127 2725 iure
1159 2663 1397 2726 demonstravit

220 2783 401 2848 Hermanni
430 2786 532 2850 verba
561 2806 636 2867 quae
667 2805 766 2868 supra
796 2786 893 2850 citavi
921 2785 962 2849 de
992 2785 1071 2850 solis
1102 2785 1254 2849 Nubibus
1276 2783 1396 2858 valere,

218 2905 252 2967 in
277 2906 394 2969 ceteris
416 2926 496 2970 vero
520 2905 639 2970 sabulis
662 2907 742 2970 satis
765 2927 873 2990 pauca
896 2908 1080 2971 communis
1103 2907 1236 2990 originis
1259 2905 1395 2968 indicari

218 3047 316 3109 posse
340 3028 489 3111 vestigia.
536 3027 710 3111 Exemplis
734 3048 807 3110 quae
830 3029 938 3093 attulit
953 3048 1049 3106 nunc,
1067 3038 1244 3112 postquam
1260 3036 1396 3109 uterque

219 3150 328 3213 codex
344 3148 458 3213 melius
473 3151 625 3226 innotuit,
641 3150 798 3214 nonnulla
813 3151 892 3214 addi
907 3160 1047 3234 possunt
1061 3149 1082 3234 ³)
1097 3169 1104 3226 ;
1122 3172 1166 3214 ex
1181 3151 1220 3214 iis
1236 3170 1309 3232 quae
1325 3151 1396 3232 ipse

219 3270 366 3346 contulit,
390 3271 546 3335 nonnulla
568 3272 648 3337 nihil
671 3273 811 3355 probare
836 3283 913 3336 sunt
934 3275 1118 3352 censenda;
1135 3273 1193 3336 sed
1210 3272 1253 3335 de
1268 3291 1397 3335 summa

217 3389 265 3452 rei
300 3387 399 3452 hodie
430 3389 570 3454 dubitari
602 3411 669 3454 non
698 3411 797 3474 posse
828 3390 907 3455 mihi
939 3392 1073 3474 quidem
1103 3410 1294 3472 persuasum
1324 3398 1394 3464 est;

218 3530 326 3593 neque
348 3511 442 3576 aliter
464 3515 577 3577 censet
592 3513 787 3597 Rudolphus
804 3513 945 3591 Schnee,
958 3514 1015 3596 qui
1027 3534 1115 3577 anno
1131 3512 1216 3594 1876
1228 3531 1395 3588 „summos

249 3803 271 3868 1)
289 3803 329 3854 cf.
348 3804 417 3854 idem
433 3805 468 3854 ad
483 3822 520 3855 vs.
538 3804 604 3871 989:
622 3808 672 3874 „Et
688 3805 859 3870 τριταγινιίνς
877 3807 905 3855 in
921 3809 1070 3857 Ravennate
1085 3807 1138 3872 legi
1147 3805 1302 3857 credendum
1310 3806 1396 3854 Inver-

215 3887 304 3954 nizzio,
329 3904 407 3953 quum
433 3888 461 3938 id
486 3905 517 3938 ex
533 3890 633 3940 Veneto
650 3891 776 3941 notaverit
792 3890 946 3955 Bekkerus,”
964 3898 989 3940 et
1011 3891 1045 3940 ad
1061 3907 1097 3940 vs.
1118 3888 1183 3953 1380
1200 3889 1289 3953 (hodie
1309 3889 1393 3952 1376):

215 3970 302 4036 „quod
326 3986 380 4020 non
396 3987 472 4021 ausus
488 3987 544 4021 sum
560 3988 683 4037 reponere
702 3972 848 4023 auctoritate
864 3975 956 4023 horum
973 3974 1080 4024 duorum
1097 3973 1215 4024 codicum
1232 3971 1277 4036 qui
1295 3986 1326 4020 ex
1342 3987 1395 4020 uno

215 4054 344 4103 communi
362 4053 434 4104 fonte
451 4053 590 4105 tluxerint.''

248 4136 269 4198 ἵ)
286 4137 391 4187 Dissert
408 4138 567 4204 Bonnensis3
583 4147 679 4203 prostat
694 4139 797 4190 libellus
814 4139 898 4190 adhuc
914 4140 983 4204 apud
1000 4141 1169 4190 Teubnerum.

247 4219 267 4281 ⁸)
284 4220 384 4286 Equiti.
412 4221 462 4283 267
479 4219 571 4284 ’ἔλεγον
588 4237 635 4288 pro
652 4219 761 4284 ’ἅμιλλαν
778 4223 827 4272 RV
840 4223 845 4289 1
859 4221 944 4288 -889
962 4223 1123 4285 βαλαντίαιαι
1140 4239 1187 4287 pro
1202 4222 1347 4284 βλαυτίοισι
1362 4224 1396 4290 R,

214 4303 394 4365 βαλλαντίαισι
411 4304 436 4352 V
450 4303 455 4372 Ι
470 4303 579 4368 (-1238
598 4305 677 4354 πάλιν
694 4321 742 4371 pro
758 4305 843 4364 πάλην
854 4307 911 4366 RV)
927 4307 931 4374 Ι
947 4306 1144 4372 (-137113mp
1154 4322 1200 4372 pro
1210 4306 1293 4368 llam
1302 4307 1394 4368 RVM).

195 4428 197 4432 ,
247 4387 332 4438 Nubb.
357 4385 409 4450 482
434 4405 474 4438 σαι
500 4404 547 4455 pro
565 4405 611 4438 σιν
627 4387 808 4458 Rv*1-553
827 4393 975 4452 Μακαριιιᾶν
992 4391 1034 4440 vel
1052 4391 1200 4452 Μαααμιιὶαν
1216 4405 1263 4455 pro
1281 4392 1394 4450 Μαρικᾶν

212 4471 261 4520 RV
286 4471 363 4536 (nihil
388 4479 493 4522 annotat
515 4473 626 4537 Blaydes
641 4471 645 4540 Ι
660 4471 741 4539 -845
766 4476 854 4535 πότνι’
873 4471 903 4523 tv
919 4489 967 4539 pro
984 4475 1090 4536 πότνιαν
1106 4476 1154 4524 RV
1168 4474 1173 4540 Ι
1188 4473 1271 4537 -876
1286 4488 1319 4534 γι
1338 4480 1395 4538 post

214 4553 296 4603 nahor
320 4555 435 4606 insemnt
459 4555 523 4605 RV*
539 4555 642 4622 1-917
667 4554 733 4606 θέλνι
757 4572 804 4622 pro
821 4555 900 4606 ἐθέλει
917 4558 966 4607 RV
981 4555 986 4625 Ι
1001 4569 1102 4608 -1000
1118 4555 1150 4607 ὒν
1167 4575 1213 4624 pro
1231 4554 1249 4607 ἦ
1265 4555 1321 4605 RV
1335 4562 1394 4622 (sec.

212 4636 338 4688 Cobetum
371 4645 397 4689 et
428 4639 630 4690 Herwerdenum
644 4639 649 4705 Ι
664 4641 771 4706 (-·1001
806 4638 992 4702 κλιτομέμμαν
1017 4655 1064 4706 pro
1089 4641 1277 4704 βλιτομάμμαν
1302 4643 1358 4707 RV)
1374 4640 1378 4705 Ι
