3434 5394
793 524 835 588 43

223 688 384 772 δνκκροὶξο
419 691 533 757 κοῦτοι.
579 693 698 776 Neque
732 695 841 758 minus
874 693 962 758 claro
997 695 1168 777 quomodo
1202 694 1286 759 tales
1322 703 1405 758 ortae

222 815 286 878 sint
309 815 503 897 corruptelae
527 825 666 899 apparet
688 817 722 880 in
746 821 891 880 Nubium
909 837 1017 881 versu
1035 823 1129 896 1036:

401 1000 454 1066 uni
479 1001 539 1079 μὴν
563 998 666 1067 κοίλοιο
689 1002 721 1078 γ’
746 1000 915 1080 ἐπνιγόμην
938 1001 980 1067 τοὶ
1005 1000 1198 1085 οπλοὶγχνκ,

222 1178 279 1242 ubi
309 1177 401 1243 multi
431 1178 592 1243 inferioris
622 1180 745 1244 ordinis
776 1181 908 1245 codices
931 1181 1056 1247 habeut
1078 1180 1131 1246 uui
1156 1182 1219 1259 μὶρν
1242 1178 1345 1246 κοίλοιο
1370 1181 1404 1257 ν’

222 1296 316 1375 ἔγωγ’
348 1299 414 1374 xri,
441 1300 496 1365 vel
524 1299 577 1365 κκὶ
607 1301 670 1379 μὴν
702 1298 781 1365 πάλ*
815 1299 915 1380 ἔγωγε
939 1303 993 1367 vel
1015 1302 1070 1368 κοοὶ
1091 1305 1152 1382 μὴν
1177 1300 1279 1368 κοίλοιο
1303 1302 1404 1380 'W’

222 1421 276 1485 vel
298 1420 351 1486 κον)
375 1422 438 1500 μὴν
461 1419 564 1487 ruitur
588 1421 700 1500 ἔνων’;
723 1425 757 1487 in
779 1424 809 1487 R
833 1434 867 1488 et
881 1425 914 1488 V
939 1427 1083 1509 denique
1106 1427 1229 1490 excidit
1253 1423 1406 1490 irritaret

223 1544 380 1609 remansit
402 1542 455 1608 κονὶ
472 1545 533 1623 μὴν
550 1541 660 1622 ἔγωγε.
682 1545 781 1611 Haud
797 1567 891 1610 secus
906 1552 1012 1614 Nubb.
1031 1554 1092 1628 870
1106 1569 1167 1631 pro
1184 1547 1279 1620 αὐτὸς
1294 1545 1404 1627 τρίβων

223 1663 285 1740 εἴης
307 1663 345 1730 ἄν
366 1668 401 1731 in
424 1668 641 1731 deterioribus
664 1666 773 1731 multis
796 1668 915 1752 legitur
938 1667 1031 1740 odric
1051 1667 1088 1732 σὺ
1106 1667 1220 1749 τρίβων
1236 1665 1297 1743 εἴης
1311 1664 1358 1732 ἄν.

268 1787 325 1854 Sic
347 1793 427 1854 Pac.
446 1795 505 1868 847
527 1810 588 1872 pro
612 1786 699 1853 κόθεν
723 1786 750 1851 δ’
776 1786 892 1866 ἔλαβες
907 1788 1029 1861 wirne
1047 1787 1101 1867 ον’;
1120 1797 1181 1854 ΤΡ.
1201 1787 1307 1865 πόθεν;
1326 1789 1405 1852 Mei·

224 1907 349 1984 nekius‚
372 1908 576 1990 Biaydesius‚
601 1908 852 1986 Herwerdenus,
872 1911 1073 1988 Elmsleium,
1091 1911 1325 1996 Hirschigium‚
1343 1910 1405 1976 Co·

224 2030 340 2094 betum
362 2031 474 2109 secuti,
505 2033 574 2096 iure
597 2032 831 2116 rescripserunt
863 2031 951 2097 πόθεν
975 2032 1003 2097 δ’
1032 2031 1146 2112 ἔκκβες
1169 2031 1309 2112 τούτοις
1341 2040 1403 2097 ΤΡ.

225 2148 346 2227 irritem
368 2189 413 2202 -
437 2173 515 2218 narn
544 2155 691 2219 mirantis
713 2165 748 2220 et
769 2156 931 2238 stupentis
952 2157 1062 2238 potius
1085 2164 1173 2221 esset
1197 2153 1283 2221 πόθεν
1304 2175 1405 2239 quam

224 2283 377 2358 rogatum
400 2295 511 2340 secum
533 2277 724 2360 reputantis.

273 2395 348 2459 Huc
382 2396 487 2460 resero
520 2399 612 2480 quod
647 2405 753 2465 Nubb.
772 2406 843 2480 672,
877 2399 934 2463 ubi
963 2398 1116 2464 Socrates
1140 2400 1326 2464 observavit
1348 2399 1405 2474 τὶρν

224 2514 376 2596 κοὶρδοπον
397 2513 504 2598 ἄρρενα
526 2525 642 2593 καλεῖς,
666 2519 786 2594 ditetur
817 2514 917 2598 οὗοκν,
950 2519 1158 2604 Strepsiades
1180 2523 1214 2584 in
1237 2521 1405 2604 plerisque

227 2638 395 2702 codicibus
419 2639 514 2724 (inter
534 2661 619 2722 ¹quos
643 2642 673 2704 R
696 2651 730 2707 et
753 2642 795 2726 V)
819 2642 901 2706 haec
924 2644 1119 2726 respondet:

986 2831 1029 2911 τῷ
1052 2827 1154 2912 τρόπῳ

563 2945 670 3030 ἄρρενον
693 2955 778 3015 κκλῶ
804 2952 858 3029 ’νὼ
884 2949 1052 3033 κάρδοπονς

277 3128 457 3195 Verissime
488 3127 575 3191 euim
604 3129 670 3191 iam
693 3128 875 3194 Brunckins
898 3132 1073 3214 rescripsit,
1097 3131 1187 3213 quod
1210 3130 1406 3214 Blaydesius

228 3270 362 3335 quoque
385 3249 505 3313 edidit:
529 3244 637 3328 ἄρρενκ
655 3253 741 3313 κκκῶ
766 3251 822 3325 τὴν
845 3248 1006 3330 κάρδοπον,
1031 3254 1122 3336 quod
1145 3253 1232 3316 bene
1251 3252 1408 3317 convenit

228 3370 427 3457 praecedenti
447 3369 504 3444 τὴν
518 3367 688 3449 κάρδοπονς
703 3373 884 3437 deteriores
900 3383 1011 3437 autem
1028 3375 1120 3438 multi
1137 3376 1267 3440 codices
1282 3375 1408 3440 habent

228 3491 337 3574 ἄρρενον
358 3495 444 3557 κκλῶ
470 3491 525 3568 ’νὼ
549 3492 606 3566 τὴν
628 3490 788 3573 κάρδοπον.

273 3614 403 3679 Eodem
434 3615 535 3678 modo
566 3611 668 3692 ἔγωγε
697 3617 730 3679 in
762 3617 955 3683 Ravennate
986 3628 1020 3683 et
1044 3619 1175 3683 Veneto
1202 3619 1351 3684 abundat
1372 3619 1406 3682 in

229 3743 374 3803 Nubium
392 3756 508 3802 versu
516 3757 586 3814 ms,
603 3737 659 3800 ubi
676 3736 803 3802 Socrati
815 3741 1041 3807 contendenti:
1058 3738 1179 3817 ἀμέλει,
1192 3746 1295 3818 κομιεῖ
1302 3742 1409 3804 τοῦτον

230 3858 382 3941 οοφίστην
406 3857 511 3936 δεξιόν,
535 3860 747 3943 Phidippides
770 3862 817 3924 sic
840 3861 1045 3944 obloquitur:

433 4047 532 4130 ὠχρὸν
556 4047 613 4126 μὲν
636 4041 682 4112 οὖν
707 4043 795 4127 οἷμοοί
816 4072 855 4126 γε
875 4047 928 4113 :rui
951 4047 1171 4127 κκκοδκίμονοο.

231 4228 295 4291 Pro
326 4219 415 4304 ripn!
444 4249 482 4304 γε
512 4228 611 4310 igitur
636 4224 737 4305 ἔγωγε
759 4227 884 4291 habent
906 4227 1021 4309 optimi
1044 4227 1186 4303 codices,
1211 4229 1301 4311 quod
1324 4228 1410 4313 glos·

231 4369 323 4414 sema
345 4349 431 4413 male
454 4359 565 4414 servat
588 4348 738 4423 Diodori,
762 4349 944 4433 Strepsiadi
968 4369 1099 4413 versum
1121 4350 1278 4416 tribuens.
1303 4351 1408 4414 Recte

231 4470 319 4535 enim
334 4472 400 4535 iarn
412 4471 638 4535 Hermannus:
653 4469 873 4554 „Strepsiadis
885 4469 929 4534 nil
941 4472 1087 4546 interest,
1101 4469 1285 4553 pallidusne
1296 4472 1411 4536 redeat

232 4593 316 4658 filius
344 4615 385 4658 an
417 4615 496 4669 non,
528 4595 709 4658 dummodo
741 4594 871 4657 dicendi
903 4603 990 4658 artes
1013 4594 1171 4670 didicerit,
1199 4596 1259 4659 sed
1281 4595 1411 4677 Phidip-
