<?xml version="1.0" encoding="UTF-8"?>
<!DOCTYPE html PUBLIC "-//W3C//DTD XHTML 1.0 Transitional//EN"
    "http://www.w3.org/TR/xhtml1/DTD/xhtml1-transitional.dtd">
<html xmlns="http://www.w3.org/1999/xhtml" xml:lang="en" lang="en">
 <head>
  <title>
</title>
<meta http-equiv="Content-Type" content="text/html;charset=utf-8" />
  <meta name='ocr-system' content='tesseract 3.04.00' />
  <meta name='ocr-capabilities' content='ocr_page ocr_carea ocr_par ocr_line ocrx_word'/>
</head>
<body>
  <div class='ocr_page' id='page_1' title='image "./devitiisquibusd00ijzegoog_0048.png"; bbox 0 0 3434 5394; ppageno 0'>
   <div class='ocr_carea' id='block_1_1' title="bbox 798 524 836 588">
    <p class='ocr_par' dir='ltr' id='par_1_1' title="bbox 798 524 836 588">
     <span class='ocr_line' id='line_1_1' title="bbox 798 524 836 588; baseline 0 -18"><span class='ocrx_word' id='word_1_1' title='bbox 798 524 836 588; x_wconf 85' lang='lat'>31</span> 
     </span>
    </p>
   </div>
   <div class='ocr_carea' id='block_1_2' title="bbox 223 691 1410 1627">
    <p class='ocr_par' dir='ltr' id='par_1_2' title="bbox 223 691 1410 1627">
     <span class='ocr_line' id='line_1_2' title="bbox 271 691 1408 776; baseline 0.002 -21"><span class='ocrx_word' id='word_1_2' title='bbox 271 691 361 774; x_wconf 85' lang='lat' dir='ltr'>Quin</span> <span class='ocrx_word' id='word_1_3' title='bbox 392 692 480 756; x_wconf 88' lang='lat' dir='ltr'>enim</span> <span class='ocrx_word' id='word_1_4' title='bbox 510 713 625 756; x_wconf 90' lang='lat' dir='ltr'>verum</span> <span class='ocrx_word' id='word_1_5' title='bbox 656 693 699 757; x_wconf 89' lang='lat' dir='ltr'>sit</span> <span class='ocrx_word' id='word_1_6' title='bbox 729 695 821 776; x_wconf 91' lang='lat' dir='ltr'>quod</span> <span class='ocrx_word' id='word_1_7' title='bbox 851 693 977 758; x_wconf 89' lang='lat' dir='ltr'>habent</span> <span class='ocrx_word' id='word_1_8' title='bbox 1008 694 1179 758; x_wconf 89' lang='lat' dir='ltr'>deterioris</span> <span class='ocrx_word' id='word_1_9' title='bbox 1202 701 1290 756; x_wconf 85' lang='lat' dir='ltr'>notae</span> <span class='ocrx_word' id='word_1_10' title='bbox 1314 693 1408 759; x_wconf 92' lang='lat' dir='ltr'>multi</span> 
     </span>
     <span class='ocr_line' id='line_1_3' title="bbox 225 811 1409 898; baseline 0.003 -20"><span class='ocrx_word' id='word_1_11' title='bbox 225 815 358 879; x_wconf 92' lang='lat' dir='ltr'>codices</span> <span class='ocrx_word' id='word_1_12' title='bbox 381 823 414 878; x_wconf 89' lang='lat' dir='ltr'>et</span> <span class='ocrx_word' id='word_1_13' title='bbox 436 812 585 878; x_wconf 88' lang='lat' dir='ltr'>scholion</span> <span class='ocrx_word' id='word_1_14' title='bbox 608 815 711 898; x_wconf 90' lang='lat' dir='ltr'>(quod</span> <span class='ocrx_word' id='word_1_15' title='bbox 734 815 829 878; x_wconf 89' lang='lat' dir='ltr'>deest</span> <span class='ocrx_word' id='word_1_16' title='bbox 852 815 885 879; x_wconf 91' lang='lat' dir='ltr'>in</span> <span class='ocrx_word' id='word_1_17' title='bbox 908 815 938 878; x_wconf 94' lang='lat' dir='ltr'>R</span> <span class='ocrx_word' id='word_1_18' title='bbox 962 824 996 878; x_wconf 90' lang='lat' dir='ltr'>et</span> <span class='ocrx_word' id='word_1_19' title='bbox 1018 814 1061 898; x_wconf 76' lang='lat' dir='ltr'>V]</span> <span class='ocrx_word' id='word_1_20' title='bbox 1085 811 1204 894; x_wconf 75' lang='grc' dir='ltr'>τρέχων</span> <span class='ocrx_word' id='word_1_21' title='bbox 1218 833 1280 896; x_wconf 92' lang='lat' dir='ltr'>pro</span> <span class='ocrx_word' id='word_1_22' title='bbox 1295 815 1409 897; x_wconf 76' lang='grc' dir='ltr'><strong><em>κύκλῳ,</em></strong></span> 
     </span>
     <span class='ocr_line' id='line_1_4' title="bbox 225 932 1409 1020; baseline -0.004 -19"><span class='ocrx_word' id='word_1_23' title='bbox 225 935 332 1001; x_wconf 90' lang='lat' dir='ltr'>nullus</span> <span class='ocrx_word' id='word_1_24' title='bbox 356 936 483 1000; x_wconf 91' lang='lat' dir='ltr'>dubito.</span> <span class='ocrx_word' id='word_1_25' title='bbox 529 936 672 1002; x_wconf 91' lang='lat' dir='ltr'>Primum</span> <span class='ocrx_word' id='word_1_26' title='bbox 696 937 784 1001; x_wconf 90' lang='lat' dir='ltr'>enim</span> <span class='ocrx_word' id='word_1_27' title='bbox 806 936 874 1000; x_wconf 89' lang='lat' dir='ltr'>fieri</span> <span class='ocrx_word' id='word_1_28' title='bbox 899 935 992 1000; x_wconf 89' lang='lat' dir='ltr'>lacile</span> <span class='ocrx_word' id='word_1_29' title='bbox 1016 937 1124 1020; x_wconf 92' lang='lat' dir='ltr'>potuit</span> <span class='ocrx_word' id='word_1_30' title='bbox 1146 943 1183 998; x_wconf 93' lang='lat' dir='ltr'>ut</span> <span class='ocrx_word' id='word_1_31' title='bbox 1204 932 1306 1015; x_wconf 77' lang='grc' dir='ltr'><strong><em>κύκλῳ</em></strong></span> <span class='ocrx_word' id='word_1_32' title='bbox 1330 933 1409 997; x_wconf 89' lang='lat' dir='ltr'>olim</span> 
     </span>
     <span class='ocr_line' id='line_1_5' title="bbox 225 1056 1409 1140; baseline 0 -21"><span class='ocrx_word' id='word_1_33' title='bbox 225 1056 462 1122; x_wconf 87' lang='lat' dir='ltr'>adscriberetur</span> <span class='ocrx_word' id='word_1_34' title='bbox 485 1058 529 1122; x_wconf 89' lang='lat' dir='ltr'>ad</span> <span class='ocrx_word' id='word_1_35' title='bbox 551 1057 779 1122; x_wconf 87' lang='lat' dir='ltr'>illustrandum</span> <span class='ocrx_word' id='word_1_36' title='bbox 802 1081 868 1139; x_wconf 79' lang='grc' dir='ltr'><em>περι</em></span> <span class='ocrx_word' id='word_1_37' title='bbox 892 1078 950 1135; x_wconf 90' lang='grc'>-;</span> <span class='ocrx_word' id='word_1_38' title='bbox 975 1057 1095 1122; x_wconf 89' lang='lat' dir='ltr'>deinde</span> <span class='ocrx_word' id='word_1_39' title='bbox 1119 1066 1153 1121; x_wconf 90' lang='lat' dir='ltr'>et</span> <span class='ocrx_word' id='word_1_40' title='bbox 1174 1077 1235 1140; x_wconf 89' lang='lat' dir='ltr'>per</span> <span class='ocrx_word' id='word_1_41' title='bbox 1258 1077 1294 1120; x_wconf 91' lang='lat' dir='ltr'>se</span> <span class='ocrx_word' id='word_1_42' title='bbox 1318 1075 1409 1139; x_wconf 88' lang='lat' dir='ltr'>spec-</span> 
     </span>
     <span class='ocr_line' id='line_1_6' title="bbox 223 1177 1409 1264; baseline 0 -23"><span class='ocrx_word' id='word_1_43' title='bbox 223 1185 293 1242; x_wconf 91' lang='lat' dir='ltr'>tata</span> <span class='ocrx_word' id='word_1_44' title='bbox 315 1188 449 1263; x_wconf 87' lang='lat' dir='ltr'>praestat</span> <span class='ocrx_word' id='word_1_45' title='bbox 471 1180 575 1244; x_wconf 89' lang='lat' dir='ltr'>altera</span> <span class='ocrx_word' id='word_1_46' title='bbox 598 1180 695 1245; x_wconf 89' lang='lat' dir='ltr'>lectio</span> <span class='ocrx_word' id='word_1_47' title='bbox 719 1177 878 1261; x_wconf 77' lang='grc' dir='ltr'><em>περιθρέξει</em></span> <span class='ocrx_word' id='word_1_48' title='bbox 902 1179 1032 1262; x_wconf 77' lang='grc' dir='ltr'>τρέχιιν,</span> <span class='ocrx_word' id='word_1_49' title='bbox 1045 1180 1066 1263; x_wconf 87' lang='lat'>¹)</span> <span class='ocrx_word' id='word_1_50' title='bbox 1091 1198 1234 1264; x_wconf 91' lang='lat' dir='ltr'>quacum</span> <span class='ocrx_word' id='word_1_51' title='bbox 1250 1198 1409 1261; x_wconf 89' lang='lat' dir='ltr'>comparo</span> 
     </span>
     <span class='ocr_line' id='line_1_7' title="bbox 225 1297 1409 1383; baseline 0.002 -23"><span class='ocrx_word' id='word_1_52' title='bbox 225 1297 409 1364; x_wconf 90' lang='lat' dir='ltr'>locutiones</span> <span class='ocrx_word' id='word_1_53' title='bbox 431 1299 546 1383; x_wconf 88' lang='lat' dir='ltr'>quales</span> <span class='ocrx_word' id='word_1_54' title='bbox 568 1310 645 1365; x_wconf 94' lang='lat' dir='ltr'>sunt</span> <span class='ocrx_word' id='word_1_55' title='bbox 667 1297 791 1381; x_wconf 76' lang='grc' dir='ltr'>Φεύγινν</span> <span class='ocrx_word' id='word_1_56' title='bbox 815 1304 993 1383; x_wconf 69' lang='grc' dir='ltr'>προφυγεῖν,</span> <span class='ocrx_word' id='word_1_57' title='bbox 1016 1298 1163 1380; x_wconf 73' lang='grc' dir='ltr'>Φεύγοντ’</span> <span class='ocrx_word' id='word_1_58' title='bbox 1188 1299 1343 1381; x_wconf 77' lang='grc' dir='ltr'><strong><em>ἐκφυγεῖν,</em></strong></span> <span class='ocrx_word' id='word_1_59' title='bbox 1366 1299 1409 1362; x_wconf 89' lang='lat' dir='ltr'>de</span> 
     </span>
     <span class='ocr_line' id='line_1_8' title="bbox 226 1417 1410 1504; baseline 0.001 -21"><span class='ocrx_word' id='word_1_60' title='bbox 226 1421 345 1504; x_wconf 91' lang='lat' dir='ltr'>quibus</span> <span class='ocrx_word' id='word_1_61' title='bbox 368 1420 409 1486; x_wconf 87' lang='lat' dir='ltr'>cl.</span> <span class='ocrx_word' id='word_1_62' title='bbox 422 1421 499 1486; x_wconf 92' lang='lat' dir='ltr'>Van</span> <span class='ocrx_word' id='word_1_63' title='bbox 516 1421 680 1486; x_wconf 88' lang='lat' dir='ltr'>Leeuwen</span> <span class='ocrx_word' id='word_1_64' title='bbox 696 1422 739 1486; x_wconf 92' lang='lat' dir='ltr'>ad</span> <span class='ocrx_word' id='word_1_65' title='bbox 755 1422 900 1486; x_wconf 90' lang='lat' dir='ltr'>Acharn.</span> <span class='ocrx_word' id='word_1_66' title='bbox 931 1437 1004 1504; x_wconf 88' lang='lat'>177,</span> <span class='ocrx_word' id='word_1_67' title='bbox 1029 1423 1072 1486; x_wconf 95' lang='lat' dir='ltr'>ad</span> <span class='ocrx_word' id='word_1_68' title='bbox 1087 1423 1190 1504; x_wconf 92' lang='lat' dir='ltr'>Vesp.</span> <span class='ocrx_word' id='word_1_69' title='bbox 1206 1420 1291 1500; x_wconf 90' lang='grc'>466;</span> <span class='ocrx_word' id='word_1_70' title='bbox 1306 1417 1410 1500; x_wconf 77' lang='grc' dir='ltr'><strong><em>κύκλῳ</em></strong></span> 
     </span>
     <span class='ocr_line' id='line_1_9' title="bbox 226 1538 1409 1627; baseline 0.002 -23"><span class='ocrx_word' id='word_1_71' title='bbox 226 1540 280 1604; x_wconf 88' lang='lat' dir='ltr'>vel</span> <span class='ocrx_word' id='word_1_72' title='bbox 298 1539 328 1604; x_wconf 84' lang='grc' dir='ltr'>ἐν</span> <span class='ocrx_word' id='word_1_73' title='bbox 343 1538 445 1623; x_wconf 79' lang='grc' dir='ltr'><strong><em>κύκλῳ</em></strong></span> <span class='ocrx_word' id='word_1_74' title='bbox 461 1542 539 1606; x_wconf 90' lang='lat' dir='ltr'>alibi</span> <span class='ocrx_word' id='word_1_75' title='bbox 554 1543 644 1627; x_wconf 92' lang='lat' dir='ltr'>apud</span> <span class='ocrx_word' id='word_1_76' title='bbox 659 1544 917 1627; x_wconf 88' lang='lat' dir='ltr'>Aristophanem</span> <span class='ocrx_word' id='word_1_77' title='bbox 932 1565 1062 1627; x_wconf 90' lang='lat' dir='ltr'>semper</span> <span class='ocrx_word' id='word_1_78' title='bbox 1077 1543 1238 1627; x_wconf 83' lang='lat' dir='ltr'>significat</span> <span class='ocrx_word' id='word_1_79' title='bbox 1255 1543 1409 1618; x_wconf 90' lang='lat' dir='ltr'>„circum-</span> 
     </span>
    </p>
   </div>
   <div class='ocr_carea' id='block_1_3' title="bbox 226 1662 1503 1762">
    <p class='ocr_par' dir='ltr' id='par_1_3' title="bbox 226 1662 1503 1762">
     <span class='ocr_line' id='line_1_10' title="bbox 226 1662 1503 1762; baseline 0.002 -37"><span class='ocrx_word' id='word_1_80' title='bbox 226 1663 332 1725; x_wconf 89' lang='lat' dir='ltr'>circa”</span> <span class='ocrx_word' id='word_1_81' title='bbox 349 1664 382 1748; x_wconf 73' lang='lat'>²),</span> <span class='ocrx_word' id='word_1_82' title='bbox 413 1665 459 1729; x_wconf 88' lang='lat' dir='ltr'>ita</span> <span class='ocrx_word' id='word_1_83' title='bbox 490 1674 526 1729; x_wconf 90' lang='lat' dir='ltr'>ut</span> <span class='ocrx_word' id='word_1_84' title='bbox 557 1662 745 1746; x_wconf 78' lang='grc' dir='ltr'><em>περιτρέχειν</em></span> <span class='ocrx_word' id='word_1_85' title='bbox 774 1665 877 1744; x_wconf 77' lang='grc' dir='ltr'><strong><em>κύκλῳ</em></strong></span> <span class='ocrx_word' id='word_1_86' title='bbox 904 1665 959 1739; x_wconf 73' lang='grc' dir='ltr'>τὴν</span> <span class='ocrx_word' id='word_1_87' title='bbox 989 1663 1095 1741; x_wconf 77' lang='grc' dir='ltr'><strong><em>λίμνην</em></strong></span> <span class='ocrx_word' id='word_1_88' title='bbox 1123 1666 1182 1729; x_wconf 91' lang='lat' dir='ltr'>sit:</span> <span class='ocrx_word' id='word_1_89' title='bbox 1208 1665 1263 1739; x_wconf 86' lang='lat' dir='ltr'>„in</span> <span class='ocrx_word' id='word_1_90' title='bbox 1286 1663 1407 1731; x_wconf 88' lang='lat' dir='ltr'>circulo</span> <span class='ocrx_word' id='word_1_91' title='bbox 1499 1753 1503 1762; x_wconf 23' lang='grc' dir='ltr'><strong>Δ</strong></span> 
     </span>
    </p>
   </div>
   <div class='ocr_carea' id='block_1_4' title="bbox 226 1784 1443 1971">
    <p class='ocr_par' dir='ltr' id='par_1_4' title="bbox 226 1784 1443 1971">
     <span class='ocr_line' id='line_1_11' title="bbox 226 1784 1443 1870; baseline 0.005 -24"><span class='ocrx_word' id='word_1_92' title='bbox 226 1784 348 1848; x_wconf 90' lang='lat' dir='ltr'>circum</span> <span class='ocrx_word' id='word_1_93' title='bbox 377 1784 485 1849; x_wconf 90' lang='lat' dir='ltr'>lacum</span> <span class='ocrx_word' id='word_1_94' title='bbox 514 1785 678 1862; x_wconf 88' lang='lat' dir='ltr'>cursare”,</span> <span class='ocrx_word' id='word_1_95' title='bbox 702 1806 784 1851; x_wconf 90' lang='lat' dir='ltr'>non:</span> <span class='ocrx_word' id='word_1_96' title='bbox 818 1787 882 1862; x_wconf 88' lang='lat' dir='ltr'>„ab</span> <span class='ocrx_word' id='word_1_97' title='bbox 906 1787 968 1851; x_wconf 88' lang='lat' dir='ltr'>hac</span> <span class='ocrx_word' id='word_1_98' title='bbox 991 1795 1084 1870; x_wconf 89' lang='lat' dir='ltr'>parte</span> <span class='ocrx_word' id='word_1_99' title='bbox 1107 1785 1197 1850; x_wconf 90' lang='lat' dir='ltr'>lacus</span> <span class='ocrx_word' id='word_1_100' title='bbox 1219 1787 1253 1850; x_wconf 91' lang='lat' dir='ltr'>in</span> <span class='ocrx_word' id='word_1_101' title='bbox 1276 1786 1408 1868; x_wconf 90' lang='lat' dir='ltr'>opposi-</span> <span class='ocrx_word' id='word_1_102' title='bbox 1439 1841 1443 1852; x_wconf 94' lang='lat'>.</span> 
     </span>
     <span class='ocr_line' id='line_1_12' title="bbox 226 1906 556 1971; baseline 0.009 -3"><span class='ocrx_word' id='word_1_103' title='bbox 226 1915 296 1969; x_wconf 89' lang='lat' dir='ltr'>tam</span> <span class='ocrx_word' id='word_1_104' title='bbox 317 1925 354 1970; x_wconf 87' lang='lat' dir='ltr'>se</span> <span class='ocrx_word' id='word_1_105' title='bbox 377 1906 556 1971; x_wconf 84' lang='lat' dir='ltr'>conferre.”</span> 
     </span>
    </p>
   </div>
   <div class='ocr_carea' id='block_1_5' title="bbox 227 2083 1410 2289">
    <p class='ocr_par' dir='ltr' id='par_1_5' title="bbox 227 2083 1410 2289">
     <span class='ocr_line' id='line_1_13' title="bbox 270 2083 1410 2168; baseline -0.001 -22"><span class='ocrx_word' id='word_1_106' title='bbox 270 2083 400 2148; x_wconf 92' lang='lat' dir='ltr'>Eodem</span> <span class='ocrx_word' id='word_1_107' title='bbox 430 2085 666 2167; x_wconf 90' lang='lat' dir='ltr'>interpretandi</span> <span class='ocrx_word' id='word_1_108' title='bbox 696 2086 813 2150; x_wconf 91' lang='lat' dir='ltr'>morbo</span> <span class='ocrx_word' id='word_1_109' title='bbox 842 2105 909 2168; x_wconf 92' lang='lat' dir='ltr'>quo</span> <span class='ocrx_word' id='word_1_110' title='bbox 935 2086 1067 2159; x_wconf 88' lang='lat' dir='ltr'>librarii,</span> <span class='ocrx_word' id='word_1_111' title='bbox 1090 2083 1249 2168; x_wconf 82' lang='lat' dir='ltr'>Bergkius</span> <span class='ocrx_word' id='word_1_112' title='bbox 1272 2093 1306 2148; x_wconf 90' lang='lat' dir='ltr'>et</span> <span class='ocrx_word' id='word_1_113' title='bbox 1329 2084 1410 2148; x_wconf 88' lang='lat' dir='ltr'>Mei·</span> 
     </span>
     <span class='ocr_line' id='line_1_14' title="bbox 227 2205 1407 2289; baseline 0.001 -23"><span class='ocrx_word' id='word_1_114' title='bbox 227 2205 343 2268; x_wconf 88' lang='lat' dir='ltr'>nekius</span> <span class='ocrx_word' id='word_1_115' title='bbox 358 2205 550 2271; x_wconf 86' lang='lat' dir='ltr'>laborarunt</span> <span class='ocrx_word' id='word_1_116' title='bbox 565 2207 598 2270; x_wconf 88' lang='lat' dir='ltr'>in</span> <span class='ocrx_word' id='word_1_117' title='bbox 614 2212 721 2286; x_wconf 86' lang='lat' dir='ltr'>vesp.</span> <span class='ocrx_word' id='word_1_118' title='bbox 733 2226 811 2287; x_wconf 85' lang='lat'>1519,</span> <span class='ocrx_word' id='word_1_119' title='bbox 830 2209 886 2289; x_wconf 95' lang='lat' dir='ltr'>qui</span> <span class='ocrx_word' id='word_1_120' title='bbox 902 2209 949 2271; x_wconf 91' lang='lat' dir='ltr'>sic</span> <span class='ocrx_word' id='word_1_121' title='bbox 964 2209 997 2270; x_wconf 91' lang='lat' dir='ltr'>in</span> <span class='ocrx_word' id='word_1_122' title='bbox 1008 2207 1178 2272; x_wconf 90' lang='lat' dir='ltr'>codicibus</span> <span class='ocrx_word' id='word_1_123' title='bbox 1190 2206 1329 2270; x_wconf 87' lang='lat' dir='ltr'>traditus</span> <span class='ocrx_word' id='word_1_124' title='bbox 1340 2215 1407 2271; x_wconf 86' lang='lat' dir='ltr'>est:</span> 
     </span>
    </p>
   </div>
   <div class='ocr_carea' id='block_1_6' title="bbox 583 2379 1085 2589">
    <p class='ocr_par' dir='ltr' id='par_1_6' title="bbox 583 2379 1085 2589">
     <span class='ocr_line' id='line_1_15' title="bbox 585 2379 1045 2462; baseline 0.002 -15"><span class='ocrx_word' id='word_1_125' title='bbox 585 2380 641 2461; x_wconf 72' lang='grc' dir='ltr'>ἄρ’</span> <span class='ocrx_word' id='word_1_126' title='bbox 665 2379 687 2448; x_wconf 81' lang='grc' dir='ltr'><strong><em>ὦ</em></strong></span> <span class='ocrx_word' id='word_1_127' title='bbox 710 2383 927 2462; x_wconf 70' lang='grc' dir='ltr'>μεγαλώννμκ</span> <span class='ocrx_word' id='word_1_128' title='bbox 950 2381 1045 2448; x_wconf 80' lang='grc' dir='ltr'>νέκνκ</span> 
     </span>
     <span class='ocr_line' id='line_1_16' title="bbox 583 2504 1085 2589; baseline -0.004 -19"><span class='ocrx_word' id='word_1_129' title='bbox 583 2508 637 2570; x_wconf 75' lang='grc' dir='ltr'>τοῦ</span> <span class='ocrx_word' id='word_1_130' title='bbox 661 2505 826 2570; x_wconf 65' lang='lat' dir='ltr'>lamacho</span> <span class='ocrx_word' id='word_1_131' title='bbox 851 2504 1007 2589; x_wconf 79' lang='grc' dir='ltr'>(θκλιισίνν</span> <span class='ocrx_word' id='word_1_132' title='bbox 1032 2506 1085 2589; x_wconf 84' lang='lat' dir='ltr'>V).</span> 
     </span>
    </p>
   </div>
   <div class='ocr_carea' id='block_1_7' title="bbox 210 2657 1410 3229">
    <p class='ocr_par' dir='ltr' id='par_1_7' title="bbox 210 2657 1410 3229">
     <span class='ocr_line' id='line_1_17' title="bbox 210 2657 1409 2744; baseline -0.003 -18"><span class='ocrx_word' id='word_1_133' title='bbox 210 2685 214 2694; x_wconf 92' lang='lat'><strong>·</strong></span> <span class='ocrx_word' id='word_1_134' title='bbox 270 2659 345 2726; x_wconf 90' lang='lat' dir='ltr'>Una</span> <span class='ocrx_word' id='word_1_135' title='bbox 377 2668 485 2726; x_wconf 89' lang='lat' dir='ltr'>metro</span> <span class='ocrx_word' id='word_1_136' title='bbox 517 2661 613 2725; x_wconf 88' lang='lat' dir='ltr'>deest</span> <span class='ocrx_word' id='word_1_137' title='bbox 634 2660 773 2744; x_wconf 88' lang='lat' dir='ltr'>syllaba,</span> <span class='ocrx_word' id='word_1_138' title='bbox 796 2681 897 2744; x_wconf 90' lang='lat' dir='ltr'>quam</span> <span class='ocrx_word' id='word_1_139' title='bbox 919 2660 1005 2724; x_wconf 88' lang='lat' dir='ltr'>bene</span> <span class='ocrx_word' id='word_1_140' title='bbox 1029 2658 1194 2743; x_wconf 88' lang='lat' dir='ltr'>supplevit</span> <span class='ocrx_word' id='word_1_141' title='bbox 1216 2657 1409 2743; x_wconf 87' lang='lat' dir='ltr'>Burgessius</span> 
     </span>
     <span class='ocr_line' id='line_1_18' title="bbox 225 2779 1408 2867; baseline -0.001 -22"><span class='ocrx_word' id='word_1_142' title='bbox 225 2782 335 2866; x_wconf 85' lang='lat' dir='ltr'>(quem</span> <span class='ocrx_word' id='word_1_143' title='bbox 354 2791 535 2867; x_wconf 91' lang='lat' dir='ltr'>sequuntur</span> <span class='ocrx_word' id='word_1_144' title='bbox 547 2782 699 2858; x_wconf 87' lang='lat' dir='ltr'>Dindors,</span> <span class='ocrx_word' id='word_1_145' title='bbox 712 2782 857 2858; x_wconf 91' lang='lat' dir='ltr'>Richter,</span> <span class='ocrx_word' id='word_1_146' title='bbox 869 2805 901 2846; x_wconf 89' lang='lat' dir='ltr'>v.</span> <span class='ocrx_word' id='word_1_147' title='bbox 914 2782 1089 2857; x_wconf 89' lang='lat' dir='ltr'>Leeuwen,</span> <span class='ocrx_word' id='word_1_148' title='bbox 1102 2780 1257 2862; x_wconf 91' lang='lat' dir='ltr'>Blaydes,</span> <span class='ocrx_word' id='word_1_149' title='bbox 1271 2779 1408 2856; x_wconf 89' lang='lat' dir='ltr'>Graves,</span> 
     </span>
     <span class='ocr_line' id='line_1_19' title="bbox 226 2901 1409 2989; baseline 0 -23"><span class='ocrx_word' id='word_1_150' title='bbox 226 2901 367 2988; x_wconf 87' lang='lat' dir='ltr'>Starkie)</span> <span class='ocrx_word' id='word_1_151' title='bbox 397 2904 571 2969; x_wconf 90' lang='lat' dir='ltr'>scribendo</span> <span class='ocrx_word' id='word_1_152' title='bbox 596 2904 787 2984; x_wconf 73' lang='grc' dir='ltr'>θκλνισσίοιρ;</span> <span class='ocrx_word' id='word_1_153' title='bbox 818 2905 960 2989; x_wconf 89' lang='lat' dir='ltr'>pessime</span> <span class='ocrx_word' id='word_1_154' title='bbox 984 2923 1064 2968; x_wconf 91' lang='lat' dir='ltr'>vero</span> <span class='ocrx_word' id='word_1_155' title='bbox 1087 2902 1249 2986; x_wconf 86' lang='lat' dir='ltr'>Bergkius</span> <span class='ocrx_word' id='word_1_156' title='bbox 1272 2912 1306 2966; x_wconf 93' lang='lat' dir='ltr'>et</span> <span class='ocrx_word' id='word_1_157' title='bbox 1329 2903 1409 2966; x_wconf 90' lang='lat' dir='ltr'>Mei·</span> 
     </span>
     <span class='ocr_line' id='line_1_20' title="bbox 226 3023 1410 3108; baseline -0.002 -19"><span class='ocrx_word' id='word_1_158' title='bbox 226 3025 341 3090; x_wconf 90' lang='lat' dir='ltr'>nekius</span> <span class='ocrx_word' id='word_1_159' title='bbox 363 3027 537 3091; x_wconf 88' lang='lat' dir='ltr'>ediderunt</span> <span class='ocrx_word' id='word_1_160' title='bbox 558 3029 611 3091; x_wconf 82' lang='grc' dir='ltr'>τοῦ</span> <span class='ocrx_word' id='word_1_161' title='bbox 632 3025 799 3091; x_wconf 63' lang='lat' dir='ltr'>lanceatos</span> <span class='ocrx_word' id='word_1_162' title='bbox 817 3025 887 3100; x_wconf 77' lang='grc' dir='ltr'>θεοῦ,</span> <span class='ocrx_word' id='word_1_163' title='bbox 904 3026 1071 3108; x_wconf 91' lang='lat' dir='ltr'>inquibus</span> <span class='ocrx_word' id='word_1_164' title='bbox 1088 3024 1150 3088; x_wconf 75' lang='grc' dir='ltr'>θεοῦ</span> <span class='ocrx_word' id='word_1_165' title='bbox 1167 3033 1218 3088; x_wconf 91' lang='lat' dir='ltr'>est</span> <span class='ocrx_word' id='word_1_166' title='bbox 1232 3023 1410 3107; x_wconf 83' lang='lat' dir='ltr'>glossema,</span> 
     </span>
     <span class='ocr_line' id='line_1_21' title="bbox 229 3147 1159 3229; baseline -0.004 -17"><span class='ocrx_word' id='word_1_167' title='bbox 229 3149 321 3212; x_wconf 90' lang='lat' dir='ltr'>cuius</span> <span class='ocrx_word' id='word_1_168' title='bbox 344 3147 501 3229; x_wconf 89' lang='lat' dir='ltr'>synizesis</span> <span class='ocrx_word' id='word_1_169' title='bbox 524 3149 558 3212; x_wconf 91' lang='lat' dir='ltr'>in</span> <span class='ocrx_word' id='word_1_170' title='bbox 580 3147 645 3212; x_wconf 89' lang='lat' dir='ltr'>fine</span> <span class='ocrx_word' id='word_1_171' title='bbox 668 3168 782 3211; x_wconf 89' lang='lat' dir='ltr'>versus</span> <span class='ocrx_word' id='word_1_172' title='bbox 804 3147 901 3211; x_wconf 91' lang='lat' dir='ltr'>valde</span> <span class='ocrx_word' id='word_1_173' title='bbox 924 3156 974 3210; x_wconf 90' lang='lat' dir='ltr'>est</span> <span class='ocrx_word' id='word_1_174' title='bbox 996 3154 1159 3229; x_wconf 85' lang='lat' dir='ltr'>suspecta.</span> 
     </span>
    </p>
   </div>
   <div class='ocr_carea' id='block_1_8' title="bbox 229 3322 1411 3531">
    <p class='ocr_par' dir='ltr' id='par_1_8' title="bbox 229 3322 1411 3531">
     <span class='ocr_line' id='line_1_22' title="bbox 273 3322 1411 3409; baseline -0.002 -22"><span class='ocrx_word' id='word_1_175' title='bbox 273 3326 426 3409; x_wconf 91' lang='lat' dir='ltr'>Denique</span> <span class='ocrx_word' id='word_1_176' title='bbox 455 3326 509 3390; x_wconf 92' lang='lat' dir='ltr'>hic</span> <span class='ocrx_word' id='word_1_177' title='bbox 537 3327 715 3391; x_wconf 90' lang='lat' dir='ltr'>dicendum</span> <span class='ocrx_word' id='word_1_178' title='bbox 745 3335 795 3389; x_wconf 90' lang='lat' dir='ltr'>est</span> <span class='ocrx_word' id='word_1_179' title='bbox 825 3326 867 3389; x_wconf 88' lang='lat' dir='ltr'>de</span> <span class='ocrx_word' id='word_1_180' title='bbox 890 3331 997 3403; x_wconf 82' lang='lat' dir='ltr'>vesp.</span> <span class='ocrx_word' id='word_1_181' title='bbox 1015 3343 1083 3404; x_wconf 80' lang='lat'>247,</span> <span class='ocrx_word' id='word_1_182' title='bbox 1104 3343 1203 3406; x_wconf 92' lang='lat' dir='ltr'>quem</span> <span class='ocrx_word' id='word_1_183' title='bbox 1235 3323 1282 3386; x_wconf 93' lang='lat' dir='ltr'>sic</span> <span class='ocrx_word' id='word_1_184' title='bbox 1310 3343 1353 3386; x_wconf 88' lang='lat' dir='ltr'>ex</span> <span class='ocrx_word' id='word_1_185' title='bbox 1376 3322 1411 3386; x_wconf 95' lang='lat' dir='ltr'>V</span> 
     </span>
     <span class='ocr_line' id='line_1_23' title="bbox 229 3443 1239 3531; baseline -0.004 -19"><span class='ocrx_word' id='word_1_186' title='bbox 229 3448 404 3513; x_wconf 91' lang='lat' dir='ltr'>ediderunt</span> <span class='ocrx_word' id='word_1_187' title='bbox 425 3447 545 3531; x_wconf 86' lang='lat' dir='ltr'>Bergk,</span> <span class='ocrx_word' id='word_1_188' title='bbox 569 3447 715 3523; x_wconf 91' lang='lat' dir='ltr'>Richter,</span> <span class='ocrx_word' id='word_1_189' title='bbox 740 3447 904 3522; x_wconf 88' lang='lat' dir='ltr'>Meineke,</span> <span class='ocrx_word' id='word_1_190' title='bbox 930 3445 1067 3521; x_wconf 90' lang='lat' dir='ltr'>Graves,</span> <span class='ocrx_word' id='word_1_191' title='bbox 1091 3443 1239 3510; x_wconf 88' lang='lat' dir='ltr'>Starkie:</span> 
     </span>
    </p>
   </div>
   <div class='ocr_carea' id='block_1_9' title="bbox 364 3619 1243 3827">
    <p class='ocr_par' dir='ltr' id='par_1_9' title="bbox 364 3619 1243 3827">
     <span class='ocr_line' id='line_1_24' title="bbox 364 3619 1243 3706; baseline -0.008 -15"><span class='ocrx_word' id='word_1_192' title='bbox 364 3630 522 3706; x_wconf 79' lang='grc' dir='ltr'>χωρῶμεν,</span> <span class='ocrx_word' id='word_1_193' title='bbox 546 3619 618 3703; x_wconf 67' lang='lat' dir='ltr'>ilua</span> <span class='ocrx_word' id='word_1_194' title='bbox 641 3648 677 3689; x_wconf 81' lang='grc' dir='ltr'>νε</span> <span class='ocrx_word' id='word_1_195' title='bbox 699 3624 741 3706; x_wconf 74' lang='grc' dir='ltr'>τῷ</span> <span class='ocrx_word' id='word_1_196' title='bbox 765 3621 873 3705; x_wconf 77' lang='grc' dir='ltr'><strong><em>λύχνῳ</em></strong></span> <span class='ocrx_word' id='word_1_197' title='bbox 897 3621 1000 3704; x_wconf 67' lang='grc' dir='ltr'><strong><em>πάντῃ</em></strong></span> <span class='ocrx_word' id='word_1_198' title='bbox 1015 3622 1243 3701; x_wconf 74' lang='grc' dir='ltr'>’δικσκννιῶριεν</span> 
     </span>
     <span class='ocr_line' id='line_1_25' title="bbox 364 3742 1228 3827; baseline -0.008 -13"><span class='ocrx_word' id='word_1_199' title='bbox 364 3745 409 3824; x_wconf 69' lang='grc' dir='ltr'>μή</span> <span class='ocrx_word' id='word_1_200' title='bbox 435 3770 493 3812; x_wconf 79' lang='grc' dir='ltr'>πον</span> <span class='ocrx_word' id='word_1_201' title='bbox 516 3746 595 3819; x_wconf 77' lang='grc' dir='ltr'><strong><em>λίθος</em></strong></span> <span class='ocrx_word' id='word_1_202' title='bbox 616 3770 663 3819; x_wconf 80' lang='grc' dir='ltr'>τις</span> <span class='ocrx_word' id='word_1_203' title='bbox 684 3746 827 3825; x_wconf 75' lang='grc' dir='ltr'>ἐμποδὼν</span> <span class='ocrx_word' id='word_1_204' title='bbox 849 3747 934 3824; x_wconf 74' lang='grc' dir='ltr'>ἡμᾶς</span> <span class='ocrx_word' id='word_1_205' title='bbox 954 3743 1047 3810; x_wconf 76' lang='grc' dir='ltr'>κιικόν</span> <span class='ocrx_word' id='word_1_206' title='bbox 1068 3769 1099 3810; x_wconf 75' lang='grc' dir='ltr'>τι</span> <span class='ocrx_word' id='word_1_207' title='bbox 1123 3742 1228 3827; x_wconf 75' lang='grc' dir='ltr'>δρνὶσρ,</span> 
     </span>
    </p>
   </div>
   <div class='ocr_carea' id='block_1_10' title="bbox 228 3931 1411 4668">
    <p class='ocr_par' dir='ltr' id='par_1_10' title="bbox 264 3931 912 4000">
     <span class='ocr_line' id='line_1_26' title="bbox 264 3931 912 4000; baseline -0.005 -18"><span class='ocrx_word' id='word_1_208' title='bbox 264 3931 283 3994; x_wconf 89' lang='lat'>1)</span> <span class='ocrx_word' id='word_1_209' title='bbox 300 3933 449 3998; x_wconf 84' lang='lat' dir='ltr'>„Curriculo</span> <span class='ocrx_word' id='word_1_210' title='bbox 466 3934 588 4000; x_wconf 87' lang='lat' dir='ltr'>currere‚”</span> <span class='ocrx_word' id='word_1_211' title='bbox 606 3940 634 3983; x_wconf 86' lang='lat' dir='ltr'>ut</span> <span class='ocrx_word' id='word_1_212' title='bbox 650 3939 687 3982; x_wconf 90' lang='lat' dir='ltr'>est</span> <span class='ocrx_word' id='word_1_213' title='bbox 703 3933 772 3998; x_wconf 81' lang='lat' dir='ltr'>apud</span> <span class='ocrx_word' id='word_1_214' title='bbox 788 3931 912 3981; x_wconf 87' lang='lat' dir='ltr'>Plautum.</span> 
     </span>
    </p>

    <p class='ocr_par' dir='ltr' id='par_1_11' title="bbox 228 4011 1411 4416">
     <span class='ocr_line' id='line_1_27' title="bbox 261 4011 1410 4082; baseline -0.004 -16"><span class='ocrx_word' id='word_1_215' title='bbox 261 4015 282 4078; x_wconf 70' lang='lat'>²)</span> <span class='ocrx_word' id='word_1_216' title='bbox 299 4016 403 4066; x_wconf 87' lang='lat' dir='ltr'>Ceteros</span> <span class='ocrx_word' id='word_1_217' title='bbox 428 4016 499 4067; x_wconf 87' lang='lat' dir='ltr'>locos</span> <span class='ocrx_word' id='word_1_218' title='bbox 524 4016 723 4082; x_wconf 80' lang='lat' dir='ltr'>Aristophaneos</span> <span class='ocrx_word' id='word_1_219' title='bbox 744 4015 787 4082; x_wconf 91' lang='lat' dir='ltr'>qui</span> <span class='ocrx_word' id='word_1_220' title='bbox 803 4015 852 4064; x_wconf 89' lang='lat' dir='ltr'>huc</span> <span class='ocrx_word' id='word_1_221' title='bbox 870 4013 967 4063; x_wconf 83' lang='lat' dir='ltr'>iaciunt</span> <span class='ocrx_word' id='word_1_222' title='bbox 982 4019 1111 4062; x_wconf 82' lang='lat' dir='ltr'>enumerat</span> <span class='ocrx_word' id='word_1_223' title='bbox 1127 4012 1185 4060; x_wconf 84' lang='lat' dir='ltr'>Van</span> <span class='ocrx_word' id='word_1_224' title='bbox 1202 4011 1357 4062; x_wconf 85' lang='lat' dir='ltr'>Herwerden</span> <span class='ocrx_word' id='word_1_225' title='bbox 1375 4011 1410 4061; x_wconf 85' lang='lat' dir='ltr'>ad</span> 
     </span>
     <span class='ocr_line' id='line_1_28' title="bbox 229 4091 1411 4166; baseline -0.008 -15"><span class='ocrx_word' id='word_1_226' title='bbox 229 4102 287 4151; x_wconf 81' lang='lat' dir='ltr'>Pac.</span> <span class='ocrx_word' id='word_1_227' title='bbox 316 4102 365 4166; x_wconf 81' lang='grc'>756</span> <span class='ocrx_word' id='word_1_228' title='bbox 383 4100 583 4166; x_wconf 80' lang='lat' dir='ltr'>(praetermittens</span> <span class='ocrx_word' id='word_1_229' title='bbox 600 4099 677 4164; x_wconf 87' lang='lat' dir='ltr'>Vesp.</span> <span class='ocrx_word' id='word_1_230' title='bbox 697 4109 770 4165; x_wconf 81' lang='lat'>1529,</span> <span class='ocrx_word' id='word_1_231' title='bbox 787 4099 853 4149; x_wconf 87' lang='lat' dir='ltr'><strong>Avv.</strong></span> <span class='ocrx_word' id='word_1_232' title='bbox 874 4107 950 4162; x_wconf 81' lang='lat'>11593</span> <span class='ocrx_word' id='word_1_233' title='bbox 967 4111 1014 4160; x_wconf 86' lang='lat' dir='ltr'>pro</span> <span class='ocrx_word' id='word_1_234' title='bbox 1031 4094 1100 4144; x_wconf 87' lang='lat' dir='ltr'>Eccl.</span> <span class='ocrx_word' id='word_1_235' title='bbox 1117 4091 1168 4159; x_wconf 90' lang='lat'>879</span> <span class='ocrx_word' id='word_1_236' title='bbox 1185 4095 1238 4159; x_wconf 85' lang='lat' dir='ltr'>leg.</span> <span class='ocrx_word' id='word_1_237' title='bbox 1254 4095 1322 4144; x_wconf 86' lang='lat' dir='ltr'>Eccl.</span> <span class='ocrx_word' id='word_1_238' title='bbox 1339 4095 1411 4161; x_wconf 79' lang='lat'>379),</span> 
     </span>
     <span class='ocr_line' id='line_1_29' title="bbox 229 4179 1408 4246; baseline -0.005 -12"><span class='ocrx_word' id='word_1_239' title='bbox 229 4183 305 4234; x_wconf 89' lang='lat' dir='ltr'>simul</span> <span class='ocrx_word' id='word_1_240' title='bbox 329 4185 467 4234; x_wconf 84' lang='lat' dir='ltr'>observans</span> <span class='ocrx_word' id='word_1_241' title='bbox 487 4183 515 4232; x_wconf 90' lang='lat' dir='ltr'>in</span> <span class='ocrx_word' id='word_1_242' title='bbox 531 4183 638 4232; x_wconf 85' lang='lat' dir='ltr'>senariis</span> <span class='ocrx_word' id='word_1_243' title='bbox 654 4185 679 4231; x_wconf 73' lang='lat' dir='ltr'>iv</span> <span class='ocrx_word' id='word_1_244' title='bbox 696 4179 779 4244; x_wconf 71' lang='grc' dir='ltr'><strong><em>κόκκῳ</em></strong></span> <span class='ocrx_word' id='word_1_245' title='bbox 797 4180 953 4246; x_wconf 84' lang='lat' dir='ltr'>frequentius</span> <span class='ocrx_word' id='word_1_246' title='bbox 970 4191 1036 4245; x_wconf 84' lang='lat' dir='ltr'>esse3</span> <span class='ocrx_word' id='word_1_247' title='bbox 1054 4194 1104 4244; x_wconf 88' lang='lat' dir='ltr'>qua</span> <span class='ocrx_word' id='word_1_248' title='bbox 1121 4179 1153 4226; x_wconf 88' lang='lat' dir='ltr'>de</span> <span class='ocrx_word' id='word_1_249' title='bbox 1170 4193 1246 4228; x_wconf 81' lang='lat' dir='ltr'>causa</span> <span class='ocrx_word' id='word_1_250' title='bbox 1263 4179 1341 4243; x_wconf 90' lang='lat' dir='ltr'>Vesp.</span> <span class='ocrx_word' id='word_1_251' title='bbox 1358 4191 1408 4242; x_wconf 87' lang='lat'>432</span> 
     </span>
     <span class='ocr_line' id='line_1_30' title="bbox 228 4253 1408 4332; baseline -0.006 -16"><span class='ocrx_word' id='word_1_252' title='bbox 228 4253 320 4318; x_wconf 76' lang='lat' dir='ltr'>iniuria</span> <span class='ocrx_word' id='word_1_253' title='bbox 336 4267 474 4332; x_wconf 86' lang='lat' dir='ltr'>Bergkium</span> <span class='ocrx_word' id='word_1_254' title='bbox 492 4273 517 4316; x_wconf 84' lang='lat' dir='ltr'>et</span> <span class='ocrx_word' id='word_1_255' title='bbox 532 4266 678 4316; x_wconf 88' lang='lat' dir='ltr'>Richterum</span> <span class='ocrx_word' id='word_1_256' title='bbox 695 4265 819 4330; x_wconf 88' lang='lat' dir='ltr'>sprevisse</span> <span class='ocrx_word' id='word_1_257' title='bbox 836 4278 927 4314; x_wconf 87' lang='lat' dir='ltr'>censeo</span> <span class='ocrx_word' id='word_1_258' title='bbox 943 4262 1079 4312; x_wconf 87' lang='lat' dir='ltr'>lectionem</span> <span class='ocrx_word' id='word_1_259' title='bbox 1095 4260 1191 4310; x_wconf 87' lang='lat' dir='ltr'>codicis</span> <span class='ocrx_word' id='word_1_260' title='bbox 1208 4257 1408 4323; x_wconf 66' lang='grc' dir='ltr'>Ε’τνιφθκλμιιν</span> 
     </span>
     <span class='ocr_line' id='line_1_31' title="bbox 229 4345 1156 4416; baseline -0.005 -17"><span class='ocrx_word' id='word_1_261' title='bbox 229 4347 312 4413; x_wconf 71' lang='grc' dir='ltr'><strong><em>κύκλῳ</em></strong></span> <span class='ocrx_word' id='word_1_262' title='bbox 329 4351 356 4414; x_wconf 87' lang='grc' dir='ltr'>(Ι.</span> <span class='ocrx_word' id='word_1_263' title='bbox 374 4348 520 4412; x_wconf 64' lang='lat' dir='ltr'>cuipiam)</span> <span class='ocrx_word' id='word_1_264' title='bbox 538 4350 577 4416; x_wconf 90' lang='grc' dir='ltr'>’ν),</span> <span class='ocrx_word' id='word_1_265' title='bbox 594 4348 665 4414; x_wconf 91' lang='lat' dir='ltr'>quod</span> <span class='ocrx_word' id='word_1_266' title='bbox 682 4365 697 4399; x_wconf 90' lang='lat' dir='ltr'>e</span> <span class='ocrx_word' id='word_1_267' title='bbox 713 4349 858 4398; x_wconf 78' lang='lat' dir='ltr'>coniectura</span> <span class='ocrx_word' id='word_1_268' title='bbox 874 4353 1018 4411; x_wconf 82' lang='lat' dir='ltr'>reposuerat</span> <span class='ocrx_word' id='word_1_269' title='bbox 1036 4345 1156 4408; x_wconf 87' lang='lat' dir='ltr'>Elmsley.</span> 
     </span>
    </p>

    <p class='ocr_par' dir='ltr' id='par_1_12' title="bbox 228 4425 1410 4668">
     <span class='ocr_line' id='line_1_32' title="bbox 262 4425 1410 4497; baseline -0.004 -15"><span class='ocrx_word' id='word_1_270' title='bbox 262 4433 322 4483; x_wconf 88' lang='lat' dir='ltr'>Alia</span> <span class='ocrx_word' id='word_1_271' title='bbox 345 4433 422 4484; x_wconf 90' lang='lat' dir='ltr'>huius</span> <span class='ocrx_word' id='word_1_272' title='bbox 446 4433 585 4483; x_wconf 88' lang='lat' dir='ltr'>locutionis</span> <span class='ocrx_word' id='word_1_273' title='bbox 602 4431 717 4497; x_wconf 80' lang='lat' dir='ltr'>exempla</span> <span class='ocrx_word' id='word_1_274' title='bbox 734 4430 897 4480; x_wconf 84' lang='lat' dir='ltr'>inveniuntur</span> <span class='ocrx_word' id='word_1_275' title='bbox 914 4444 963 4494; x_wconf 74' lang='lat' dir='ltr'>eg.</span> <span class='ocrx_word' id='word_1_276' title='bbox 981 4429 1066 4478; x_wconf 78' lang='lat' dir='ltr'>Aescd.</span> <span class='ocrx_word' id='word_1_277' title='bbox 1083 4429 1151 4478; x_wconf 88' lang='lat' dir='ltr'>Pers.</span> <span class='ocrx_word' id='word_1_278' title='bbox 1169 4426 1228 4494; x_wconf 87' lang='lat'>368,</span> <span class='ocrx_word' id='word_1_279' title='bbox 1244 4425 1312 4494; x_wconf 77' lang='lat'>4185</span> <span class='ocrx_word' id='word_1_280' title='bbox 1331 4429 1410 4492; x_wconf 79' lang='lat' dir='ltr'>Soph.</span> 
     </span>
     <span class='ocr_line' id='line_1_33' title="bbox 228 4509 1405 4584; baseline -0.005 -17"><span class='ocrx_word' id='word_1_281' title='bbox 228 4518 316 4584; x_wconf 87' lang='lat' dir='ltr'>Antig.</span> <span class='ocrx_word' id='word_1_282' title='bbox 338 4516 393 4584; x_wconf 88' lang='lat'>118,</span> <span class='ocrx_word' id='word_1_283' title='bbox 410 4529 468 4584; x_wconf 84' lang='lat'>241,</span> <span class='ocrx_word' id='word_1_284' title='bbox 486 4516 578 4566; x_wconf 86' lang='lat' dir='ltr'>Electr.</span> <span class='ocrx_word' id='word_1_285' title='bbox 595 4513 654 4582; x_wconf 81' lang='lat'>895,</span> <span class='ocrx_word' id='word_1_286' title='bbox 670 4515 760 4564; x_wconf 74' lang='lat' dir='ltr'>Troch.</span> <span class='ocrx_word' id='word_1_287' title='bbox 781 4527 837 4580; x_wconf 87' lang='lat'>194,</span> <span class='ocrx_word' id='word_1_288' title='bbox 853 4511 959 4562; x_wconf 81' lang='lat' dir='ltr'>Philoct.</span> <span class='ocrx_word' id='word_1_289' title='bbox 978 4511 1044 4577; x_wconf 80' lang='lat'>35⁶3</span> <span class='ocrx_word' id='word_1_290' title='bbox 1065 4511 1130 4560; x_wconf 86' lang='lat' dir='ltr'>Eur.</span> <span class='ocrx_word' id='word_1_291' title='bbox 1144 4509 1233 4576; x_wconf 90' lang='lat' dir='ltr'>Suppl.</span> <span class='ocrx_word' id='word_1_292' title='bbox 1249 4523 1304 4576; x_wconf 87' lang='lat'>103,</span> <span class='ocrx_word' id='word_1_293' title='bbox 1313 4511 1405 4561; x_wconf 85' lang='lat' dir='ltr'>Bacch.</span> 
     </span>
     <span class='ocr_line' id='line_1_34' title="bbox 228 4593 1409 4668; baseline -0.007 -16"><span class='ocrx_word' id='word_1_294' title='bbox 228 4603 287 4668; x_wconf 83' lang='lat'>463,</span> <span class='ocrx_word' id='word_1_295' title='bbox 304 4601 361 4665; x_wconf 84' lang='lat'>653,</span> <span class='ocrx_word' id='word_1_296' title='bbox 382 4600 455 4667; x_wconf 88' lang='grc'>1106,</span> <span class='ocrx_word' id='word_1_297' title='bbox 472 4599 528 4664; x_wconf 92' lang='lat' dir='ltr'>Iph.</span> <span class='ocrx_word' id='word_1_298' title='bbox 548 4599 608 4649; x_wconf 83' lang='lat' dir='ltr'>Aul.</span> <span class='ocrx_word' id='word_1_299' title='bbox 623 4595 695 4664; x_wconf 86' lang='grc'>1568,</span> <span class='ocrx_word' id='word_1_300' title='bbox 706 4597 763 4664; x_wconf 91' lang='lat' dir='ltr'>Iph.</span> <span class='ocrx_word' id='word_1_301' title='bbox 776 4597 852 4647; x_wconf 88' lang='lat' dir='ltr'>Taur.</span> <span class='ocrx_word' id='word_1_302' title='bbox 864 4607 923 4662; x_wconf 79' lang='lat'>331,</span> <span class='ocrx_word' id='word_1_303' title='bbox 935 4595 1011 4644; x_wconf 89' lang='lat' dir='ltr'>Herc.</span> <span class='ocrx_word' id='word_1_304' title='bbox 1022 4595 1084 4660; x_wconf 82' lang='lat'>9263</span> <span class='ocrx_word' id='word_1_305' title='bbox 1094 4593 1227 4644; x_wconf 86' lang='lat' dir='ltr'>Demosth.</span> <span class='ocrx_word' id='word_1_306' title='bbox 1237 4593 1409 4660; x_wconf 84' lang='lat' dir='ltr'><strong>XVIII.§96.</strong></span> 
     </span>
    </p>
   </div>
   <div class='ocr_carea' id='block_1_11' title="bbox 0 0 1727 5394">
    <p class='ocr_par' dir='ltr' id='par_1_13' title="bbox 0 0 1727 5394">
     <span class='ocr_line' id='line_1_35' title="bbox 0 0 1727 5394; baseline 0 0"><span class='ocrx_word' id='word_1_307' title='bbox 0 0 1727 5394; x_wconf 95' lang='lat' dir='ltr'> </span> 
     </span>
    </p>
   </div>
  </div>
 </body>
</html>
