3434 5394
923 501 966 566 30

401 670 459 734 Ad
482 669 637 734 ἐπικνῶσιν
660 671 694 734 in
717 669 848 734 scholiis
871 678 1065 736 annotatum
1088 670 1223 756 legitur:
1241 670 1448 750 ἐπιβάλλουσι
1464 695 1533 736 συν-

355 790 535 872 epidauria
563 793 654 876 quod
676 792 732 876 qui
755 793 927 858 annotavit
948 811 1009 874 pro
1029 789 1082 857 κοιὶ
1098 791 1263 874 τρίψαντες
1278 794 1398 879 legisse
1414 794 1532 876 συντρί-

354 916 473 992 ψοοντει
501 921 596 998 putat
625 912 786 996 Blaydes;
818 913 972 996 equidem
1003 913 1083 979 illud
1110 913 1163 980 κοί
1194 913 1358 996 τρίψαντες
1389 937 1433 980 ex
1458 917 1532 1000 ipso

354 1035 480 1100 scholio
509 1045 617 1101 ortum
644 1056 718 1101 esse
747 1055 882 1112 censeo;
914 1036 994 1118 quid
1025 1037 1116 1101 enim
1145 1036 1307 1122 siguificat
1336 1034 1448 1118 τρίβειν
1478 1036 1532 1102 vel

355 1156 521 1238 συντρίβειν
554 1154 778 1238 κοοτοίχυσροοοί
824 1156 958 1222 Nullum
993 1159 1070 1222 novi
1093 1159 1231 1224 verbum
1254 1159 1346 1241 quod
1368 1159 1478 1244 aptius
1500 1160 1530 1223 ei

354 1279 590 1343 substituamus
628 1300 729 1362 quam
762 1279 796 1344 id
830 1280 921 1362 quod
955 1280 987 1344 in
1020 1287 1150 1344 textum
1180 1279 1309 1344 induxit
1335 1281 1531 1362 Blaydesius

354 1399 572 1481 χοίψήσοοντες.
597 1401 618 1485 ¹)
659 1401 909 1466 Rutherfordius
935 1403 1035 1466 etiam
1057 1402 1159 1466 verba
1181 1399 1370 1483 κοοτοίχυσρο’
1396 1397 1531 1487 ἕτερον’)

353 1521 450 1599 delet,
473 1525 533 1587 sed
557 1543 672 1607 parum
693 1532 772 1607 apte
794 1525 878 1588 inter
900 1543 936 1588 se
959 1524 1137 1588 cohaerent
1159 1545 1289 1589 versus:
1390 1589 1391 1594 ,

643 1717 718 1782 ἀλλ’
744 1717 902 1782 ἐπικνῶσιν
925 1716 1021 1798 τυρὸν,
1045 1714 1155 1792 ἕλοιιον,

645 1839 774 1922 σίλφιον,
797 1837 864 1918 ὄξος
885 1838 987 1918 γλυκὺ
1011 1838 1064 1904 κοοί
1089 1839 1217 1920 λιπιιρὸν

353 2003 403 2059 et:
427 1991 565 2060 κᾶπειτοο
585 1992 818 2060 κοτεσκέδοισοον
841 1992 946 2076 ίερροίν
969 1994 1039 2074 κτὲ;
1063 1995 1097 2058 in
1118 1995 1238 2078 quibus
1255 2004 1428 2078 praeterea
1450 1997 1531 2080 quid

353 2119 396 2182 sit
417 2114 483 2195 ὅξος
504 2115 604 2194 νλυκιί
627 2115 747 2181 vellem
768 2116 846 2180 mihi
870 2117 1103 2200 explicaretur!

399 2360 525 2426 Omnes
554 2359 687 2424 codices
710 2361 926 2424 annotatione
949 2359 1137 2443 interpolati
1161 2378 1233 2423 esse
1256 2359 1408 2423 videntur
1423 2365 1532 2439 Vesp.

351 2487 418 2559 661,
441 2483 497 2563 qui
521 2501 635 2547 versus
657 2483 704 2545 sic
727 2481 865 2546 traditus
886 2490 954 2546 est:
1339 2485 1342 2492 '

395 2659 460 2724 οίπὸ
483 2657 590 2724 τούτου
603 2659 625 2736 ⁸)
648 2682 698 2724 νυν
720 2656 852 2731 κοοτοίίες
874 2658 977 2738 μισθὸν
1001 2664 1078 2723 τοῖσι
1101 2657 1262 2730 δικοστοιῖς
1288 2659 1470 2723 τοῦνιοουτοῦ.

396 2815 492 2879 Metri
522 2835 622 2879 causa
644 2813 813 2879 Bentleius
836 2815 1000 2898 rescripsit
1022 2813 1156 2878 ε’νιοουτοῦ
1177 2827 1243 2896 pro
1261 2813 1446 2890 τούνιοουτοῦ,
1469 2815 1531 2879 sed

350 2939 481 3021 gravius
517 2935 598 3000 latet
627 2935 742 3000 vitium
774 2944 808 3001 et
837 2935 1010 3000 τοίνιοουτοῦ
1040 2936 1141 2999 verba
1171 2955 1250 3000 vere
1284 2934 1531 3019 Aristophanea

350 3080 424 3142 quae
455 3059 586 3143 reperiri
616 3059 682 3122 iam
713 3078 780 3121 non
811 3066 948 3141 possunt
978 3056 1120 3140 expulit3
1146 3077 1223 3120 nam
1247 3057 1362 3122 Graece
1386 3058 1451 3122 diei
1475 3061 1531 3122 τοῦ

350 3180 495 3254 ε’νιοιυτοῦ,
525 3201 592 3244 non
623 3179 758 3243 εὐιοιυτοῦ
782 3179 849 3244 iure
873 3179 1030 3244 observat
1051 3179 1212 3261 Blaydes;
1238 3179 1317 3243 nihil
1341 3189 1451 3244 autern
1474 3179 1530 3244 hic

348 3302 458 3367 valere
492 3310 602 3385 potest
634 3301 724 3385 quod
759 3322 802 3365 ex
835 3301 1030 3383 Thucydide
1061 3301 1110 3364 VI
1142 3299 1209 3387 8§
1236 3318 1248 3363 1
1276 3302 1355 3366 citat
1378 3299 1527 3365 Graves:

348 3422 495 3489 τοίλοοντοο
517 3422 610 3502 μηνὸς
631 3419 744 3499 ρκισίίν.

392 3602 513 3666 Iniuria
535 3601 719 3665 auctoritati
743 3601 894 3664 codicum
917 3600 947 3664 R
971 3608 1005 3663 et
1020 3601 1051 3665 V
1068 3601 1216 3664 obsecuti
1231 3619 1304 3664 esse
1320 3599 1399 3664 mihi
1415 3600 1529 3665 viden-

348 3735 401 3790 tur
428 3723 571 3789 editores
600 3732 678 3806 post
705 3721 913 3787 Dindorfium
943 3722 977 3784 in
1008 3726 1300 3805 Ran.193‚quem
1324 3741 1456 3786 versum
1480 3722 1529 3785 sic

348 3848 468 3911 edunt:

570 3979 671 4047 οὔκουν
695 3978 854 4064 περιθρέξει
877 3979 958 4055 δῆσον
980 3980 1037 4056 τίρν
1060 3979 1167 4058 λίμνην
1189 3978 1313 4061 κύκλιος

381 4177 402 4241 1)
420 4179 469 4229 Vel
488 4177 573 4244 potius
589 4175 633 4226 κοιί
645 4172 796 4236 idria-avere,
807 4174 840 4226 ci.
852 4191 903 4225 van
914 4175 1040 4226 Leeuwen
1051 4182 1076 4225 et
1087 4174 1195 4225 Mendes
1206 4173 1240 4222 da
1251 4172 1328 4223 Costa
1338 4171 1420 4222 Praei.
1433 4172 1529 4240 Iliada,

347 4261 644 4409 uffifffflm
661 4341 799 4407 legendum
816 4357 872 4392 esse
888 4356 1010 4408 perquam
1026 4341 1169 4406 probabilis
1186 4347 1223 4391 est
1238 4339 1335 4390 Koekii
1352 4345 1378 4388 et
1393 4336 1526 4402 Blaydesii

345 4445 464 4574 suiingii·
475 4527 506 4562 ex
521 4511 546 4560 R
562 4509 656 4576 Bergk,
672 4507 794 4573 Diodori,
811 4508 921 4576 Starkie3
938 4506 1036 4559 τοίτιιν
1047 4507 1122 4558 ceteri
1131 4506 1231 4558 codices
1239 4513 1376 4572 ceteraque
1384 4504 1530 4571 editionem

345 4595 464 4662 equidem
480 4591 577 4656 ἐπίχει.
