3444 5396
718 1739 868 1802 CAPUT
890 1741 1119 1804 ocTnvuu.

468 1943 518 2006 De
535 1945 653 2006 verbis
672 1946 876 2020 compositis
895 1947 931 2006 in
949 1945 1128 2020 simplicia,
1147 1948 1360 2022 simplicibus

695 2051 732 2110 ln
759 2051 956 2126 composita
982 2051 1139 2112 mutatis.

377 2517 455 2585 Alio
486 2541 618 2604 quoque
650 2523 752 2587 modo
782 2521 868 2586 male
900 2531 1047 2588 tractatae
1069 2524 1233 2590 interdum
1256 2533 1333 2590 sunt
1354 2523 1507 2609 praeposi·

330 2643 438 2709 tiones
461 2644 495 2709 in
517 2644 705 2721 codicibus;
729 2664 796 2708 non
819 2643 927 2708 solum
951 2647 1072 2730 saepius
1095 2649 1180 2712 inter
1206 2669 1242 2711 se
1265 2657 1341 2712 sunt
1363 2668 1507 2713 commu·

331 2775 421 2844 taire,
456 2768 515 2831 sed
549 2768 649 2831 etiam
678 2765 768 2831 haud
799 2766 1019 2850 infrequenter
1051 2805 1095 2817 —
1126 2770 1308 2853 praesertim
1339 2770 1371 2831 in
1402 2768 1507 2832 verbis

332 2890 523 2972 compositis
546 2925 591 2936 —
612 2909 745 2972 prorsus
770 2898 982 2954 evanuerunt.
1017 2889 1121 2955 Multa
1141 2898 1253 2955 autem
1268 2891 1364 2955 huius
1379 2891 1508 2974 generis

331 3011 411 3076 vitia
440 3011 520 3075 talia
550 3019 635 3085 sunt,
668 3019 703 3074 ut
734 3019 838 3075 metro
869 3011 953 3075 duce
985 3013 1183 3096 investigata
1209 3011 1319 3077 statim
1343 3019 1399 3075 aut
1422 3010 1507 3075 sacili

331 3134 519 3199 coniectura
550 3141 606 3197 aut
636 3133 775 3197 aliorum
801 3132 958 3197 librorum
982 3135 1278 3217 manuscriptorum
1301 3153 1365 3218 ope
1389 3133 1508 3217 corrigi

330 3257 466 3339 possint.
513 3255 668 3339 Exempli
691 3257 797 3339 gratia
813 3276 910 3320 nemo
929 3259 1059 3335 Equitt.
1078 3275 1136 3335 272

466 3443 500 3520 ἢν
523 3443 551 3507 δ’
576 3441 740 3525 ὑπεκκλίνῃ
771 3467 809 3521 γε
841 3443 929 3526 δευρί,
954 3444 989 3510 τὸ
1013 3442 1120 3518 σκέλος
1143 3441 1308 3525 κνρκβνίσεν
1321 3443 1352 3529 ¹),

330 3635 504 3717 quicquam
542 3633 663 3697 tribuet
696 3632 830 3697 lectioni
864 3633 987 3697 codicis
1021 3632 1052 3694 R
1087 3630 1209 3713 ε’κκλίνῃ
1243 3654 1302 3716 pro
1331 3631 1509 3712 ὑπεκκλίνῃ,

331 3776 436 3838 neque
460 3761 537 3821 Pac.
557 3773 634 3836 547:

796 3906 863 3972 ίδὲ
882 3930 920 3985 γε
942 3907 1003 3983 rire
1025 3907 1155 3987 σμννύκς
1179 3914 1270 3975 πονῶν

572 4025 764 4110 κκτίπκρδεν
787 4025 856 4110 cipri
878 4033 932 4094 τοῦ
956 4027 1122 4113 ξιφουργοῦ
1146 4030 1274 4109 ἕκεννννί,

359 4231 380 4294 ¹)
396 4233 438 4281 De
462 4231 557 4282 ultimis
582 4232 658 4282 huius
683 4247 770 4282 versus
793 4233 877 4283 verbis
901 4248 986 4283 meam
1009 4233 1077 4283 facio
1094 4233 1189 4283 Kockii
1207 4240 1311 4282 notam:
1329 4233 1388 4299 „ich
1406 4248 1511 4298 vermag

327 4315 378 4365 den
393 4316 456 4364 Vers
472 4315 543 4365 nieht
559 4315 696 4380 geniigend
712 4331 743 4365 zu
762 4315 913 4382 erkliren'’;
930 4316 1066 4366 lectionem
1083 4322 1167 4365 autem
1184 4315 1303 4367 codicum
1318 4322 1408 4379 praeter
1418 4317 1441 4365 R
1451 4318 1511 4379 πρὸς

327 4397 417 4456 σκέλος
441 4414 523 4463 nuper
547 4398 734 4449 commendavit
761 4399 858 4448 Zacher
884 4398 1180 4462 (Aristophanessludien
1204 4415 1230 4463 p.
1255 4413 1285 4460 41
1305 4399 1385 4464 sqq.);
1415 4399 1511 4464 inqua

327 4481 461 4531 offensioni
478 4497 532 4531 non
549 4498 603 4531 esse
612 4482 704 4532 debere
715 4481 848 4531 articulum
857 4481 989 4548 omissum,
998 4482 1058 4531 coil.
1070 4481 1174 4547 Lysistr.
1186 4483 1217 4532 82
1226 4481 1288 4532 κον-ί
1295 4483 1383 4543 rupim
1395 4480 1511 4544 ίίλλομκι

327 4579 369 4618 me
385 4572 472 4617 monet
488 4582 512 4617 v.
530 4565 562 4617 cl.
579 4581 631 4616 van
647 4567 783 4618 Leeuwen.
