3434 5394
774 511 812 576 33

199 678 439 745 Themistocles
469 679 586 744 urbem
615 680 712 746 bonis
742 681 823 746 cibis
852 682 928 766 (hoc
957 683 1044 748 enim
1076 684 1196 766 saepius
1219 683 1382 768 significat

198 798 315 880 ἁγαθοὶ,
345 801 386 866 cs.
419 822 483 867 van
515 801 718 866 Herwerden
744 802 789 866 ad
818 803 893 868 Pac.
924 803 1003 889 436)
1026 805 1070 868 ad
1092 803 1184 869 labra
1207 825 1312 890 usque
1335 826 1382 871 re·

197 923 317 1008 plevit;
347 933 509 1007 praeterea
538 923 677 987 Piraeum
708 922 837 988 addidit
866 944 1038 1008 novosque
1071 926 1181 1009 pisces
1216 927 1380 1010 apposuit,
1427 983 1435 992 .
1466 953 1474 966 ⁸

198 1044 277 1109 nihil
307 1043 350 1107 de
378 1041 522 1124 pristinis
553 1040 678 1105 deliciis
707 1040 894 1106 detrahens.
942 1040 998 1106 Sic
1023 1042 1119 1108 simul
1142 1054 1280 1127 apparet
1301 1065 1381 1128 quo·

197 1166 299 1250 modo
328 1163 491 1229 adiectiva
521 1159 636 1242 μεστός
666 1171 700 1228 et
730 1161 894 1244 ἕπιχειλῆς
922 1163 1008 1229 inter
1037 1184 1074 1229 se
1097 1164 1224 1230 differre
1246 1174 1379 1248 putem;

196 1307 317 1371 nempe
339 1285 491 1370 gradatio
506 1284 660 1368 quaedam
676 1285 762 1349 inest
776 1284 828 1348 his
842 1285 1012 1350 adiectivis
1027 1285 1061 1348 in
1077 1285 1196 1351 vicinia
1212 1287 1335 1369 positis.
1355 1287 1377 1371 ¹)

239 1407 369 1472 Eadem
391 1417 503 1471 autem
526 1407 570 1471 de
590 1426 691 1470 causa
713 1405 903 1470 Kaibelium
928 1403 1033 1480 σύκων,
1056 1405 1165 1487 edocit
1189 1408 1293 1485 „oder
1309 1429 1376 1474 was

195 1528 367 1595 besseres'’
391 1528 575 1593 coniecisse
594 1547 648 1592 me
664 1528 777 1593 docuit
792 1526 929 1592 Zacheri
945 1527 1046 1604 liber;
1066 1527 1145 1592 mihi
1160 1530 1229 1593 veri
1244 1529 1380 1596 similius

195 1673 268 1718 esse
293 1652 424 1748 videtur
447 1670 516 1715 non
539 1659 665 1714 certum
688 1649 855 1732 quendam
874 1649 984 1714 cibum
999 1649 1078 1714 olim
1093 1650 1137 1714 ab
1153 1649 1380 1735 Aristophane

195 1775 403 1839 nominatum
426 1793 509 1838 esse.
1134 1769 1136 1772 ’

245 1897 354 1960 Minus
380 1905 470 1960 recte
497 1894 558 1958 nisi
581 1891 678 1957 fallor
699 1893 755 1976 qui
779 1893 921 1958 eandem
949 1893 1190 1976 quadamtenus
1213 1895 1379 1978 ingressus

199 2028 249 2083 est
284 2000 373 2082 viam
405 2015 553 2081 Kockius
583 2015 757 2099 proposuit
785 2013 913 2094 μεστήν,
948 2010 1269 2096 ἐχυράν,,ἐπιχειλῆ;
1302 2037 1378 2082 nam

198 2161 283 2205 voce
319 2136 430 2221 ἕχυρός
462 2137 680 2223 corrumpitur
712 2137 824 2220 imago
855 2136 997 2201 hominis
1028 2135 1149 2228 edacis,
1180 2158 1248 2220 qua
1277 2139 1379 2204 utitur

198 2261 372 2327 Isiciarius.
417 2261 456 2326 In
493 2259 629 2344 vulgata
663 2278 744 2323 vero
780 2258 845 2322 hoc
875 2278 1008 2342 quoque
1038 2242 1284 2344 incommodum
1317 2269 1377 2338 est,

197 2385 291 2466 quod
317 2383 451 2448 minime
476 2390 591 2466 aptum
613 2381 731 2446 estad
753 2379 984 2444 Themistoclis
1006 2339 1122 2450 laudss
1142 2379 1326 2447 efferendas
1349 2383 1377 2446 si

198 2507 317 2572 urbem
332 2504 540 2570 Athenarum
556 2503 663 2588 (bonis
677 2501 786 2586 rebus)
802 2503 867 2566 iam
883 2501 1053 2586 impletam
1069 2502 1233 2599 in'yenisse
1248 2503 1377 2568 dicitur.

229 2737 250 2800 1)
267 2737 383 2796 Maximo
408 2737 460 2787 inm
480 2735 579 2787 afficior
595 2735 690 2802 gaudio
707 2734 777 2799 quod
793 2751 818 2784 v.
836 2733 868 2785 cl.
884 2750 935 2784 van
952 2733 1089 2801 Leeuwen,
1105 2734 1178 2784 cuius
1194 2734 1245 2784 viri
1261 2735 1380 2798 Ἀριστο-

198 2819 378 2882 octembres
403 2820 534 2885 praeceptis
560 2818 794 2869 et'benevolentiae
820 2817 883 2882 quid
908 2817 1016 2867 debeam
1031 2817 1124 2868 melius
1140 2833 1217 2884 quam
1234 2819 1287 2868 ulla
1302 2820 1381 2868 verbe

200 2904 255 2954 haec
286 2903 344 2968 ipsa
368 2902 525 2952 demonstrat
549 2901 697 2967 disputatio,
722 2915 749 2950 se
766 2901 792 2950 in
810 2900 879 2950 idem
895 2899 1017 2949 incidisse
1032 2915 1074 2950 me
1089 2900 1172 2967 docet,
1188 2901 1237 2950 nisi
1254 2900 1324 2966 quod
1341 2917 1383 2951 ex·

197 2993 296 3052 spectet
320 2986 407 3051 potius
431 2983 535 3034 πάντων
555 2981 659 3046 ἀγαθῶν
680 2982 809 3045 mixtam.
843 2983 928 3047 Quam
944 2991 1030 3032 tamen
1046 2969 1217 3034 coniecturam
1232 2983 1310 3033 nimis
1326 2999 1382 3034 esse

196 3069 322 3119 audacem
345 3068 456 3118 libenter
480 3068 597 3132 agnoscit
621 3074 760 3133 praeceptor
784 3065 1005 3133 aestimstissimus3
1028 3082 1079 3131 qua
1095 3073 1180 3116 autem
1196 3067 1229 3117 de
1246 3082 1322 3117 causa
1337 3081 1380 3116 me

197 3153 303 3219 quidem
319 3167 373 3202 non
389 3151 457 3201 male
473 3151 567 3202 habeat
583 3151 615 3200 τὸ
632 3148 732 3212 μεστήν
749 3165 825 3215 supra
841 3149 955 3215 exposui.
