3444 5396
827 446 890 512 106

312 637 351 701 111
385 637 581 700 Rauennate
615 633 653 710 δή
688 635 845 701 omissum
881 642 942 709 est,
976 635 1062 698 sicut
1095 631 1208 697 Nubb.
1243 649 1322 712 402,
1356 630 1444 694 Avv.

268 773 345 842 415,
379 758 464 822 Rau.
505 758 600 838 1056,
636 757 719 822 Plut
755 759 831 839 728.
877 757 964 821 Hinc
999 756 1116 820 iniuria
1138 755 1300 839 Blaydes:
1323 752 1392 832 ἐμοί
1412 777 1449 818 σε

266 877 320 942 1111
352 879 438 960 τήμῇ
469 877 591 956 γννσιικὶ
623 878 764 960 rotradi:
799 898 888 954 „non
918 899 1010 942 meae
1039 878 1138 952 enim,
1171 877 1232 940 sed
1262 875 1324 940 isti
1343 877 1448 959 requi-

268 1001 367 1065 ritur”
404 1003 480 1084 (van
514 1001 709 1086 neuwen),
744 1001 833 1065 adde
867 1000 959 1083 quod
990 1000 1160 1084 aegerrime
1184 997 1238 1062 hic
1262 1018 1449 1062 careremus

266 1123 425 1206 particula
447 1123 579 1188 ironica

304 1268 410 1327 Nubb.
430 1267 499 1342 918:

579 1390 633 1456 xci
657 1391 819 1470 γνωσθήσει
843 1392 915 1456 ποτ’
943 1389 1109 1466 Ἀθηναίοις

581 1509 630 1579 σιίι
653 1511 806 1586 διδάσκεις
826 1511 899 1586 τοὺς
922 1513 1076 1588 ἀνοήτους.

312 1693 425 1757 Nihilo
450 1694 556 1776 magis
580 1691 658 1756 mihi
681 1691 840 1756 credibile
863 1692 970 1756 estin
993 1690 1147 1755 omnibus
1170 1692 1342 1757 codicibus
1365 1694 1452 1756 exci-

270 1817 358 1879 disse
388 1837 445 1890 σσι,
476 1834 576 1900 quam
591 1816 625 1878 in
648 1815 814 1898 plerisque
836 1813 906 1891 κιιι’;
931 1815 1043 1898 itaque
1067 1814 1271 1890 Hermanno,
1297 1815 1451 1898 Bergkio,

270 1937 442 2013 Teuffelio,
467 1936 603 2011 Coeni0‚
626 1936 781 2012 Ktihlero,
798 1937 930 2000 Kockio
942 1957 1009 2000 non
1022 1937 1184 2001 assentior
1195 1936 1451 2000 rescribentibus

272 2059 436 2137 γνωσθήσει
459 2058 508 2123 σοι’
530 2061 612 2124 ποτ’.
636 2097 681 2108 ——
703 2060 813 2124 Etiam
836 2060 961 2143 Equitt.
983 2073 1059 2141 251,
1081 2059 1194 2123 Nubb.
1212 2076 1264 2141 34,
1283 2073 1357 2139 520,
1371 2061 1450 2139 984,

276 2199 369 2264 1329,
394 2183 498 2265 Vesp.
522 2199 599 2262 900,
623 2180 712 2245 Avv.
735 2195 813 2261 425,
836 2181 920 2244 Ran.
944 2195 1008 2263 975
1027 2178 1080 2244 nni
1094 2181 1127 2244 in
1140 2180 1303 2245 nonnullis
1316 2182 1451 2244 excidit.

306 2325 412 2386 Nubb.
432 2327 521 2400 1365:

405 2487 514 2555 ἔπεισιν
538 2490 566 2554 δ’
590 2487 724 2554 ἕκέλενσ’
747 2489 841 2554 ιιύτθν
862 2488 951 2553 ἀλλὰ
974 2489 1111 2571 μυρρίνην
1134 2487 1279 2567 λωβόντιι

405 2618 465 2678 τῶν
489 2610 651 2694 Αἰσχύλον
676 2610 765 2689 λέξιιι
788 2611 823 2677 σι’
845 2634 906 2690 μοι·
931 2612 999 2694 κᾷθ’
1024 2607 1110 2685 οὗτος
1133 2611 1216 2684 εὐθὺς
1239 2605 1334 2676 εἶπεν·

406 2733 466 2810 ἐγὼ
494 2733 555 2815 γὰρ
578 2731 740 2814 Αἰσχύλον
763 2731 874 2813 νομίζω
899 2738 1016 2815 πρῶτον
1039 2735 1069 2797 ἓν
1092 2740 1234 2809 coruscis

410 2853 514 2935 ψόφον
538 2853 641 2919 πλέων
663 2854 727 2918 xri.

321 3032 360 3096 In
391 3053 457 3095 uno
483 3033 516 3096 V
539 3035 632 3097 deest
655 3031 755 3109 εὐθύςς
778 3034 960 3099 cuiusmodi
983 3034 1205 3118 neglegentiae
1227 3036 1261 3099 in
1283 3035 1348 3100 hoc
1372 3035 1456 3101 libro

279 3154 461 3237 frequentia
484 3156 625 3219 editores
649 3176 784 3219 monere
808 3156 987 3232 debuisset,
1011 3177 1054 3220 ne
1077 3157 1141 3221 hoc
1163 3158 1243 3221 vitio
1267 3160 1310 3222 ad
1330 3161 1458 3223 coniec-

277 3285 366 3337 turas
388 3275 603 3358 proferendas
626 3285 812 3340 uterentur:
836 3275 928 3340 σιύσὸν
951 3271 1033 3340 εἶπεν
1058 3277 1241 3354 Hermann,
1264 3271 1349 3343 εἶπεν
1372 3278 1463 3357 citici

278 3395 430 3458 Meineke
465 3397 566 3459 Vind.
601 3399 661 3461 Ar.
692 3418 725 3480 p.
758 3400 818 3475 80;
849 3392 911 3461 εἶπ’
944 3397 1050 3462 ἐκεῖνον
1082 3399 1202 3484 Bergk,
1226 3401 1338 3464 deleto
1360 3422 1458 3466 versu

278 3517 429 3600 sequenti
459 3517 564 3599 (Praes.
589 3541 621 3602 p.
645 3520 729 3604 XX),
752 3519 819 3602 κᾷθ’
844 3515 928 3592 οὗτος
950 3517 1073 3584 ἕκιὶλεσ’
1097 3521 1191 3586 cirin
1215 3522 1337 3606 (deleto
1361 3547 1457 3589 versu

278 3640 439 3722 sequenti)
462 3638 615 3721 Blaydes.

314 3767 394 3826 Pac.
413 3767 489 3842 674:
510 3763 687 3845 „Rogabat
709 3785 762 3827 me
784 3765 874 3829 Pax”
898 3803 942 3813 —
965 3766 1010 3830 sic
1034 3767 1458 3852 Mercurius—„quisnam

279 3883 343 3946 sibi
368 3883 605 3947 inimicissimus
629 3886 672 3948 sit
695 3906 809 3949 eorum
833 3889 889 3969 qui
912 3887 965 3951 hic
990 3889 1111 3952 adsunt
1129 3889 1312 3966 hominum,
1329 3899 1363 3954 et
1375 3893 1460 3975 quis·

279 4024 358 4067 nam
382 4003 443 4066 sibi
467 4004 612 4068 maxime
635 4004 776 4071 faveat’'.
800 4008 886 4071 Tum
908 4008 1097 4092 Trygaeus:

526 4179 724 4255 εὐνούστατος
746 4184 802 4262 μὲν
827 4179 860 4260 ἦν
884 4187 990 4268 μιικρῷ
1015 4185 1204 4266 Κλεώνυμος,

282 4401 358 4469 „huic
383 4399 504 4448 adverbio
530 4399 601 4449 locus
626 4416 680 4450 non
705 4401 758 4451 est''
786 4405 845 4466 (van
870 4405 1024 4473 Leeuweu);
1050 4406 1093 4464 δῆν
1120 4405 1232 4458 ἐντεῦθεν
1254 4409 1331 4459 habet
1347 4409 1462 4460 Venetus

282 4484 360 4550 (quod
385 4499 400 4532 e
426 4482 598 4546 dittographia
623 4486 724 4552 ortum),
742 4483 887 4536 τούντεῦθεν
904 4489 1022 4540 traditum
1039 4498 1076 4540 est
1092 4491 1120 4540 in
1137 4492 1169 4558 U,
1189 4491 1217 4541 in
1234 4493 1322 4543 ceteris
1339 4489 1463 4552 ἔνσεθθσν,

284 4565 407 4623 1111δῆ1’,
424 4564 466 4614 vel
483 4565 571 4621 ταῦτ’,
587 4565 628 4614 vel
645 4565 674 4624 dri
691 4568 780 4618 ταῦτ’.
