3434 5394
821 529 866 545 ···
1372 507 1408 560 lX

276 677 517 763 Ἀριστοφάνους
535 688 658 758 ‘lancha
682 682 744 746 Die
761 681 866 748 Ritter
881 683 940 747 des
956 683 1198 767 Aristophanes
1214 683 1406 749 Griechiseh

363 805 432 868 und
475 804 632 870 Deutsch.
680 805 741 869 Mit
774 805 951 870 kritischen
986 807 1054 870 und
1089 805 1302 870 erldirenden
1336 807 1403 870 An·

362 928 566 1012 merlrungen
589 949 655 993 von
687 928 735 994 W.
759 929 911 994 Ribbeck.
956 929 1075 1005 Berlin,
1105 929 1198 1013 1867.

270 1050 505 1134 Aristophanis
534 1051 681 1135 Equites.
708 1053 886 1118 Recensuit
901 1053 1073 1135 Adolphus
1091 1075 1155 1118 von
1183 1054 1307 1120 Velseu.
1328 1055 1405 1138 Lip-

362 1176 430 1250 siae,
459 1173 552 1256 1869.

270 1294 504 1379 Aristophanes
525 1296 674 1380 Equites.
699 1297 878 1362 Recensuit
899 1296 1072 1379 Adolphus
1094 1318 1158 1362 von
1189 1299 1313 1365 Velsen.
1338 1298 1401 1362 Ed.

360 1419 463 1483 altera
484 1440 583 1503 quam
606 1421 733 1484 curavit
756 1419 937 1484 Konrudus
958 1419 1095 1485 Zacher.
1116 1420 1246 1506 Lipsiae,
1268 1422 1362 1504 1897.
1381 1421 1405 1506 ¹)

269 1661 504 1746 Aristophanis
532 1665 647 1730 Nubes
675 1685 752 1729 cum
781 1663 922 1730 scholiis.
969 1665 1090 1729 Denuo
1121 1665 1300 1730 recensitas
1331 1685 1405 1729 cum

359 1787 625 1851 annotationibus
649 1788 714 1850 suis
737 1796 771 1852 et
793 1786 959 1871 plerisque
979 1788 1006 1870 J.
1032 1786 1123 1869 Aug.
1147 1787 1287 1852 Ernestii
1304 1787 1407 1852 edidit

360 1907 567 1989 Godosreu'us
590 1909 815 1974 Hermannus.
839 1910 971 1992 Lipsiae,
1000 1910 1094 1991 1830.

269 2026 506 2110 Aristophanis
530 2027 654 2092 Nubes.
694 2028 819 2103 Edidit,
844 2027 1026 2105 illustravit,
1051 2028 1205 2113 praefatus
1228 2037 1278 2092 est
1309 2026 1407 2092 Wilh.

357 2148 463 2233 snm.
492 2151 625 2234 Teuffel.
650 2151 761 2216 Editio
781 2152 906 2215 auctior
922 2159 956 2216 et
972 2153 1292 2237 parabiliorLipsiae,
1311 2150 1405 2232 1863,

270 2269 510 2354 Ἀριστοφάνους
551 2271 707 2355 Νεφέλαι,
761 2273 952 2338 Aristofane
994 2274 1025 2339 le
1068 2274 1167 2338 Nubi.
1221 2274 1293 2339 Con
1328 2280 1406 2336 note

359 2395 497 2461 ltaliane
530 2418 549 2461 e
581 2398 812 2462 Introduzione
843 2397 877 2460 di
907 2398 1034 2463 Achille
1068 2398 1163 2472 Corn,
1194 2418 1214 2461 e
1243 2417 1306 2460 con
1342 2417 1406 2459 une

360 2520 546 2601 appendice
575 2528 774 2584 contenente
807 2541 872 2583 una
895 2540 1004 2584 nuova
1026 2517 1207 2583 collazione
1230 2518 1284 2581 dei
1308 2515 1406 2580 MSS.

362 2641 557 2716 Ravennate
592 2661 610 2704 e
644 2641 786 2716 Veneto
822 2661 882 2724 per
916 2661 994 2704 cura
1028 2640 1062 2704 di
1096 2640 1249 2724 Eugenio
1283 2639 1405 2704 Ferrai.

360 2763 467 2842 Prat0,
496 2764 590 2845 1871.

271 2886 337 2950 Die
367 2886 498 2951 Wolhen
520 2886 579 2951 des
604 2885 852 2968 Aristophanes.
884 2885 1014 2950 Erklart
1036 2905 1102 2949 von
1132 2885 1181 2949 W.
1204 2884 1241 2949 5.
1273 2884 1406 2967 Teuffel.

359 3008 482 3072 Zweite
519 3008 672 3092 Auflage,
710 3007 894 3072 bearbeitet
929 3028 996 3072 von
1030 3005 1104 3071 Otto
1134 3005 1277 3071 Kithler.
1316 3007 1410 3089 Leip-

361 3131 423 3215 zig,
453 3132 547 3212 1887.
568 3129 590 3213 ²)

272 3253 506 3336 Aristophanis
538 3254 662 3318 Nubes.
709 3253 794 3318 Cum
822 3253 1065 3338 prolegomenis
1100 3261 1134 3316 et
1167 3251 1409 3316 commentariis

359 3375 462 3439 edidit
486 3375 522 3448 J.
546 3397 614 3439 van
637 3376 797 3440 Leeueoeu
821 3375 857 3450 J.
859 3378 894 3456 s.
919 3375 1026 3458 Lugd.
1052 3375 1135 3450 Bar..
1166 3375 1259 3455 1898.

274 3619 506 3702 Aristophanis
543 3621 664 3702 Vespa.
704 3620 787 3686 Cum
816 3619 946 3685 scholiis
980 3629 1015 3683 et
1037 3618 1232 3684 lectionibus
1255 3617 1407 3682 codicum

362 3742 563 3806 Ravennatis
593 3752 627 3806 et
658 3742 777 3808 Veneti
801 3743 970 3827 (Marciani
993 3742 1073 3824 474)
1097 3761 1118 3804 a
1139 3740 1271 3806 ‚Cobeto
1296 3741 1407 3802 denuo

363 3865 537 3947 excerptis.
591 3863 766 3929 Accedunt
800 3865 1028 3929 annotationes
1052 3863 1172 3926 criticae
1195 3862 1239 3926 ad
1261 3861 1407 3944 singulas

363 3985 562 4050 comoedias
624 3985 761 4070 Scripsit
798 3987 838 4050 G.
878 3989 919 4050 B.
955 3985 1128 4068 Hirschig.
1181 3983 1287 4067 Lugd.
1323 3985 1407 4061 Bar..

368 4109 462 4188 1847.

273 4230 509 4314 Aristophanis
540 4232 661 4314 Vespa.
687 4232 799 4296 Edidit
823 4230 940 4306 Julius
959 4229 1102 4294 Richter.
1127 4228 1283 4304 Berolini,
1312 4229 1349 4290 18
1355 4231 1405 4309 58.

231 4411 432 4426 ..θ’

262 4536 283 4601 1)
301 4537 344 4587 Ad
361 4538 426 4587 hanc
443 4536 583 4587 editionem
601 4533 764 4583 indicandam
782 4531 886 4580 Zaclreri
903 4530 1008 4580 nomine
1026 4537 1087 4579 utar.

259 4621 371 4683 ilHanc
388 4620 526 4670 editionem
544 4618 651 4668 Kihleri
669 4618 716 4666 sub
734 4616 839 4666 nomine
856 4616 949 4664 citabo.
