3434 5394
786 507 803 574 3

245 677 427 762 Insigniore
442 678 541 742 etiam
559 676 714 742 felicitate
730 697 808 741 usus
823 684 875 741 est
890 677 918 740 is
934 678 990 760 qui
1006 677 1176 760 proximus
1187 698 1209 742 a
1220 676 1383 742 Brunckio

201 919 267 1003 Qui
290 921 368 987 licet
391 920 498 985 Graeci
522 921 683 985 sermonis
706 920 871 1002 imperitia
894 921 1002 1004 magis
1025 939 1126 1003 quam
1148 921 1265 1005 peritia
1281 920 1386 984 excel·

199 1041 304 1118 luerit,
336 1042 413 1106 licet
438 1042 529 1106 omni
553 1041 723 1125 diligentia
746 1041 922 1106 destitutus
947 1041 1052 1119 fuerit,
1077 1040 1154 1105 licet
1176 1061 1250 1124 quae
1274 1061 1387 1106 revera

200 1165 263 1228 dici
294 1166 399 1250 possit
428 1185 481 1229 ars
504 1165 615 1229 critica
637 1184 680 1229 ne
702 1165 886 1247 suspicatus
908 1163 1044 1247 quidem
1071 1165 1124 1239 sit,
1148 1183 1250 1228 unum
1272 1173 1385 1230 tamen

200 1288 263 1351 sibi
292 1287 395 1352 habet
424 1287 588 1362 meritum,
617 1287 709 1371 quod
739 1307 840 1351 nemo
871 1287 902 1351 ei
933 1286 1060 1370 eripere
1092 1285 1230 1371 poterit:
1260 1287 1386 1370 primus

200 1429 221 1472 e
239 1409 384 1475 tenebris
399 1409 433 1472 in
450 1409 558 1473 lucem
580 1409 741 1492 protraxit
763 1409 913 1472 codicem
937 1408 1167 1472 Ravennatem
1184 1417 1219 1472 et
1242 1410 1290 1472 sic
1313 1429 1387 1491 par·

199 1542 268 1598 tem
287 1533 364 1596 iecit
378 1531 679 1609 fundamentorum,
703 1531 823 1614 quibus
846 1531 913 1594 iam
936 1538 1007 1594 tota
1027 1527 1120 1610 κρίσις
1140 1530 1387 1616 Aristophanea

202 1655 326 1719 nititur.

246 1774 405 1842 Confecta
426 1774 563 1839 demum
587 1783 662 1838 sunt
685 1773 899 1838 fundamenta
923 1794 998 1839 cum
1023 1773 1176 1838 adhiberi
1192 1783 1321 1857 coeptus
1337 1784 1387 1838 est

202 1897 312 1962 codex
346 1897 497 1961 Venetus
533 1896 701 1979 (Marciam
735 1896 825 1981 474).
861 1894 926 1978 Qui
961 1894 1044 1960 liber
1078 1916 1154 1960 cum
1188 1915 1247 1981 per
1280 1895 1384 1962 multa

202 2020 324 2085 saecula
354 2021 388 2084 in
417 2020 625 2084 Bibliotheca
655 2020 824 2084 Marciana
854 2019 1013 2094 latuisset,
1045 2018 1182 2083 tandem
1204 2018 1383 2103 aliquando

201 2164 222 2208 a
244 2142 393 2208 Bekkero
417 2163 584 2220 excussus,
609 2143 720 2206 statim
736 2142 932 2215 Ravennati,
953 2142 979 2204 si
996 2160 1063 2205 non
1079 2161 1220 2225 semper,
1237 2151 1383 2207 attamen

200 2266 378 2348 saepissime
397 2286 458 2349 par
472 2265 678 2339 auctoritate,
695 2263 858 2327 interdum
874 2263 973 2326 etiam
990 2263 1121 2327 maioris
1137 2265 1234 2346 pretii
1250 2263 1383 2328 habitus

202 2396 269 2464 est3
297 2407 398 2451 unum
426 2387 491 2451 hoc
521 2406 621 2468 quam
647 2386 794 2449 maxime
825 2384 1006 2449 dolendum
1042 2394 1103 2462 est,
1134 2386 1225 2470 quod
1259 2386 1385 2452 Achar-

201 2529 333 2585 nenses,
367 2508 560 2590 Lysistrata,
601 2506 961 2589 Thesmophoriazusae‚
1004 2507 1241 2572 Ecclesiazusae
1275 2508 1308 2571 in
1342 2529 1384 2572 eo

202 2633 321 2696 desunt
344 2630 376 2715 ¹).

247 2752 318 2822 Iam
340 2752 418 2836 quin
441 2751 557 2835 optimi
581 2750 712 2814 dicendi
736 2751 801 2814 sint
822 2749 856 2814 hi
878 2749 952 2814 libri
972 2752 1194 2834 manuscripti,
1211 2751 1311 2816 hodie
1327 2753 1384 2817 vix

203 2877 378 2959 quisquam
401 2882 453 2939 est
470 2874 527 2956 qui
543 2873 681 2938 dubitet.
697 2870 798 2954 Quod
815 2881 927 2936 tamen
943 2874 1071 2937 nonita
1087 2882 1258 2957 acceptum
1273 2875 1384 2951 velim,

203 2998 295 3081 quasi
327 3005 442 3080 putem
464 3016 533 3079 prae
556 2994 607 3058 his
630 3015 693 3059 nos
716 3002 845 3058 ceteros
870 2993 938 3058 fere
961 3014 1076 3058 omnes
1098 2995 1230 3059 abicere
1253 3005 1287 3059 et
1308 3017 1385 3080 neg·

202 3120 313 3203 legere
335 3138 445 3201 posse.
469 3117 588 3192 Immo,
612 3115 727 3200 optimi
752 3123 839 3192 sunt,
854 3117 912 3180 sed
926 3115 990 3180 hac
1006 3136 1070 3180 una
1087 3118 1129 3181 de
1144 3137 1244 3182 causa
1259 3119 1384 3201 optimi,

204 3242 296 3325 quod
329 3248 513 3304 ceterorum
543 3240 648 3303 maior
678 3246 729 3303 est
758 3239 921 3320 nequitia;
953 3247 1147 3321 praestantes
1175 3260 1255 3304 vero
1286 3261 1385 3305 nemo

204 3383 349 3447 unquam
379 3382 437 3426 eos
460 3382 581 3427 vocare
604 3362 735 3446 poterit.
760 3360 898 3426 Scatent
923 3361 1011 3424 enim
1034 3360 1132 3437 vitiis,
1156 3382 1298 3443 quorum
1322 3361 1386 3428 alia

205 3505 282 3550 cum
305 3485 423 3549 ceteris
446 3484 486 3548 iis
509 3484 699 3548 communia
721 3491 806 3558 sunt,
830 3481 895 3546 alia
918 3482 979 3546 soli
1003 3482 1065 3546 sibi
1088 3482 1223 3547 habent.
1249 3483 1385 3567 Optimo

204 3607 274 3670 iure
304 3607 432 3669 monuit
462 3604 609 3670 Cobetus
641 3605 694 3688 (N.
718 3606 768 3679 L.,
792 3626 825 3688 p.
849 3619 888 3685 25
895 3621 911 3685 3
938 3605 1018 3688 sq.):
1045 3604 1143 3680 „Non
1166 3604 1282 3669 dubito
1305 3606 1390 3670 affir-

206 3748 296 3792 mare
318 3737 353 3792 et
376 3728 606 3792 Ravennatem
628 3727 780 3792 codicem
804 3736 839 3791 et
860 3727 1028 3791 Venetum
1051 3725 1264 3801 Marcianum,
1287 3746 1387 3808 quem

205 3851 277 3933 ipse
293 3848 372 3913 olim
387 3869 462 3912 cum
476 3847 663 3931 pulvisculo
676 3850 817 3925 excussi,
831 3850 864 3913 in
876 3848 1058 3912 deterrimis
1070 3848 1389 3931 corruptissimisque

205 3971 295 4035 libris
325 3971 453 4053 scriptis
480 3971 567 4034 unde
592 3971 792 4053 antiquitatis
816 3978 1029 4034 monumenta
1053 3970 1087 4033 in
1109 3969 1218 4032 lucem
1233 3977 1390 4033 revocata

206 4094 280 4168 sint,
312 4112 386 4157 esse
415 4091 603 4176 habendos;
637 4094 696 4157 sed
719 4093 797 4176 quia
819 4094 919 4157 ceteri
942 4113 1058 4157 omnes
1082 4091 1243 4173 quidquid
1266 4091 1388 4172 ubique

208 4224 258 4278 est
278 4215 358 4278 Mss.
379 4213 611 4296 Aristophanis
630 4213 739 4278 multis
751 4214 900 4297 partibus
912 4215 977 4278 sint
989 4215 1088 4278 etiam
1100 4213 1282 4276 vitiosiores
1294 4213 1389 4276 inter·

241 4426 263 4490 1)
281 4427 339 4491 Qua
361 4428 393 4478 de
410 4443 486 4478 causa
503 4441 585 4490 neque
602 4427 630 4475 in
647 4426 696 4476 hac
713 4426 885 4491 disputatione
902 4441 990 4475 earum
1007 4424 1149 4475 fabularum
1166 4425 1248 4475 varias
1264 4425 1387 4476 lectiones

207 4510 346 4561 diiudicare
363 4511 489 4578 conabor;
507 4526 568 4558 nam
585 4524 698 4559 caremus
715 4509 743 4558 in
761 4509 794 4559 iis
810 4509 899 4560 codice
916 4510 961 4575 qui
978 4510 1121 4560 Ravennati
1139 4510 1285 4562 auctoritate
1295 4525 1388 4575 suppar

208 4600 330 4659 perpetuo
347 4609 406 4644 cum
422 4607 454 4642 eo
472 4592 614 4658 comparari
633 4593 720 4658 possit.
