3444 5396
860 439 901 521 5⁶

287 647 341 690 me
372 626 509 691 offendit
539 624 669 702 ravenni
698 625 742 692 ad
766 626 907 691 eandem
929 625 1108 692 Titeoriam
1131 628 1308 712 pertinens,
1332 628 1375 692 de
1400 648 1467 710 qua

287 746 379 824 τήνδε
393 757 585 832 usurpatum
601 749 699 814 estin
715 769 810 815 versu
826 749 1027 833 praecedenti
1037 769 1045 828 ;
1057 751 1149 834 quod
1162 753 1302 817 sensisse
1313 751 1466 816 videntur

290 871 444 936 Meineke
475 881 510 936 et
538 871 683 949 Richter,
714 874 780 956 qui,
812 873 1004 957 ceteroquin
1035 873 1220 938 Bekkerum
1255 875 1369 951 secuti,
1392 895 1466 958 pro·

288 1014 410 1058 nomen
433 1015 530 1059 servo
553 995 708 1059 tribuunt.
725 1031 769 1044 -
792 994 946 1079 Speciem
961 993 1063 1061 habet
1079 996 1168 1080 quod
1182 1017 1246 1061 van
1262 997 1466 1062 Herwerden

290 1115 409 1180 edidit:

445 1266 480 1334 ii:
503 1274 551 1334 νύν
572 1270 738 1351 ἀποδῶμεν
762 1270 853 1347 τύνδε
876 1271 932 1347 τὴν
956 1271 1076 1354 ύεωρύοον

444 1392 595 1458 ἀνύσαντε
618 1402 656 1477 τῇ
680 1393 788 1476 βουλῇ.
813 1402 892 1460 ΟΙΚ.
916 1393 967 1470 ri:
991 1393 1120 1469 ταυτηνί
1127 1415 1134 1473 ;
1159 1394 1192 1460 τί
1213 1395 1293 1478 φύςς

334 1572 391 1636 Ad
418 1594 532 1638 verum
548 1574 781 1639 inveniendum
795 1574 867 1639 haec
884 1572 1069 1658 corruptela
1083 1574 1172 1639 viam
1192 1574 1318 1639 munire
1335 1575 1466 1639 videtur

288 1700 377 1760 Plut.
397 1715 454 1774 911,
474 1696 530 1759 ubi
553 1697 624 1761 viro
648 1697 734 1762 iusto
757 1697 906 1782 roganti:

512 1885 577 1953 πῶς
599 1875 647 1946 οὖν
670 1879 707 1946 ἂν
731 1879 790 1957 εἴης
812 1882 956 1962 χρηστός,
979 1878 1000 1948 ὦ
1023 1881 1212 1965 τονχωρύχε,

511 2001 540 2067 εἴ
561 2026 605 2068 τοι
629 2010 776 2084 προσῆκον
800 2003 895 2083 μηδὲν
918 1999 975 2070 εἶπ’
999 2004 1191 2087 imaginine:

290 2181 495 2266 sycophanta
519 2183 712 2268 respondet:

512 2354 543 2418 ού
566 2351 627 2434 γὰρ
652 2352 793 2434 προούκεν
816 2354 873 2429 τὴν
897 2355 1035 2433 ἐμοιυτοῡ
1059 2379 1111 2434 μον
1136 2355 1225 2421 πόλιν

513 2476 690 2557 εὐεργετεῖν,
715 2470 736 2540 ὦ
759 2475 875 2559 κέπφε,
898 2478 965 2542 κού
991 2474 1056 2542 ύοον
1079 2476 1117 2543 ἂν
1140 2476 1246 2554 σθένος

333 2655 397 2719 Pro
428 2653 569 2736 προσήκει
599 2655 632 2719 V
662 2653 764 2720 habet
790 2654 858 2720 ε’ττύ
885 2679 946 2733 μοι,
979 2657 1069 2740 quod
1100 2657 1180 2721 mihi
1203 2657 1335 2742 quidem
1357 2666 1466 2722 ortum

290 2801 362 2844 esse
386 2779 515 2843 videtur
538 2799 581 2843 ex
604 2775 751 2858 ποοτῆκύν
774 2776 842 2842 ἐστι’
862 2801 924 2856 μον,
945 2780 991 2843 ‘in
1015 2779 1134 2863 quibus
1163 2787 1310 2861 προσῆκον
1333 2781 1468 2864 antiqua

289 2911 359 2967 erat
380 2900 479 2965 lectio
502 2901 588 2984 (quae
604 2900 737 2984 egregie
753 2900 907 2965 convenit
923 2922 998 2965 cum
1023 2910 1170 2982 προσῆκον
1185 2903 1219 2967 in
1235 2923 1331 2967 versu
1347 2923 1467 2986 praece·

289 3024 401 3109 denti),
424 3020 494 3087 εὀτί
515 3044 566 3100 μοι
589 3020 763 3107 glossema.

333 3203 472 3268 Restant
495 3202 561 3266 duo
583 3200 669 3266 Pluti
690 3222 804 3268 versus
825 3202 876 3267 hi:

333 3332 422 3392 Plut.
440 3346 506 3406 33⁵·
547 3324 584 3388 ln
608 3326 740 3408 optimis
763 3326 931 3390 codicibus
953 3325 1025 3392 haec
1049 3325 1216 3411 leguntur:

400 3495 434 3562 τί
459 3495 496 3562 ἂν
519 3491 566 3562 οὖν
590 3496 625 3562 τὸ
649 3499 773 3579 πρᾶγμ’
798 3496 841 3573 εἴη
866 3497 918 3562 κού
944 3495 1032 3562 πύύεν
1057 3498 1109 3564 κού
1133 3495 1189 3564 τίνι
1211 3497 1314 3581 τούτῳ

402 3619 559 3704 Χρεμύλος
583 3617 776 3695 πεπλούτηκ’
801 3619 966 3698 ἕξοιπίννςς

337 3774 375 3837 In
405 3773 513 3857 priore
543 3792 639 3835 versu
670 3771 839 3837 abundare
870 3771 994 3856 aliquid
1027 3781 1171 3837 metrum
1198 3774 1353 3851 ostendit,
1378 3782 1412 3839 et
1433 3795 1468 3839 re

290 3915 369 3959 vera
392 3896 425 3957 in
448 3893 518 3957 aliis
541 3893 631 3957 libris
654 3892 709 3958 κού
727 3895 895 3958 omittitur.
920 3895 1080 3959 Maiorem
1098 3903 1209 3960 tamen
1238 3897 1306 3960 veri
1323 3897 1467 3980 speciem

290 4016 392 4081 habet
421 4013 463 4090 εἴη
495 4016 643 4080 additum
674 4037 746 4081 esse
776 4018 819 4080 ab
850 4017 984 4081 homine
1015 4019 1067 4080 cui
1090 4038 1208 4102 parum
1238 4026 1402 4083 constaret
1424 4019 1467 4083 de

293 4137 435 4222 elliptico
458 4136 514 4202 illo
536 4136 704 4222 particulae
727 4135 764 4202 ύν
788 4158 864 4218 usu;
888 4140 1022 4224 egregie
1042 4141 1142 4224 igitur
1155 4140 1265 4224 placet
1279 4140 1378 4205 lectio
1393 4162 1467 4225 quae

291 4261 325 4324 in
349 4259 549 4325 Velseniana
572 4259 717 4326 editione
741 4260 802 4325 sub
825 4261 980 4327 Meinekii
1004 4264 1136 4328 nomine
1160 4263 1399 4330 circumfertur:
1416 4264 1437 4349 ¹)

325 4465 344 4528 1)
361 4466 420 4530 Ipse
436 4465 581 4515 Meinekius
599 4465 689 4515 edidit:

494 4566 525 4615 τί
538 4565 569 4614 τό
586 4568 688 4627 πρᾶγμ’
707 4565 736 4614 tr
755 4563 792 4624 ε’ύη
811 4565 853 4616 nai
870 4565 956 4625 πύύεν;
975 4565 1018 4618 καὶ
1034 4567 1081 4617 τίνι
1099 4571 1182 4632 τούτῳ
1202 4567 1255 4618 κτὲ.
