3434 5394
605 1900 1008 1995 ‚nnnnsnnro

284 2409 370 2474 Cum
406 2431 493 2474 anno
527 2412 682 2494 proximo
705 2409 748 2474 ab
770 2409 970 2494 amplissima
994 2409 1190 2474 Litterarum
1214 2419 1249 2475 et
1272 2409 1416 2475 Philoso-

237 2533 323 2617 phiae
345 2532 516 2599 Facultate
539 2534 731 2598 Academiae
755 2532 976 2616 Groninganae
992 2535 1164 2617 proposita
1174 2541 1262 2598 esset
1273 2535 1413 2617 quaestio

238 2657 281 2721 de
315 2656 487 2740 praecipuis
518 2657 615 2721 variis
648 2655 842 2720 lectionibus
873 2655 1071 2720 Fabularnm
1093 2656 1413 2741 Aristophanearum

238 2781 271 2843 in
305 2778 474 2843 codicibus
512 2779 542 2842 R
576 2789 610 2843 et
640 2779 673 2842 V
703 2786 915 2852 servatarum,
939 2799 1000 2861 pro
1023 2779 1145 2843 viribus
1169 2781 1250 2843 meis
1274 2800 1409 2862 operam

239 2902 326 2978 dedi,
362 2910 398 2964 ut
426 2901 469 2965 ad
500 2921 573 2966 eam
596 2903 848 2984 responderem;
873 2899 1180 2964 benevolentissime
1204 2909 1315 2964 autem
1339 2901 1414 2966 tiro·

239 3025 325 3088 cinia
358 3045 433 3088 mea
466 3045 487 3088 a
521 3025 608 3089 Viris
642 3023 704 3087 illis
739 3022 932 3089 Clarissimis
966 3031 1104 3107 accepta
1135 3032 1211 3086 sunt
1245 3029 1279 3086 et
1313 3044 1414 3087 aureo

239 3147 374 3230 praemio
404 3147 537 3210 donata.
584 3145 685 3229 Quod
723 3145 878 3211 iudicium
916 3144 1279 3210 honorificentissimum
1320 3166 1414 3228 spem

239 3264 319 3328 mihi
344 3264 421 3329 fecit
442 3265 531 3329 haud
554 3265 691 3348 indigna
713 3285 786 3328 esse
802 3263 873 3328 haec
885 3285 960 3328 mea
973 3263 1110 3341 „Studia
1124 3263 1414 3348 Aristophanica‚”

238 3407 313 3470 quae
335 3386 527 3452 Academiae
550 3386 861 3470 LugdunoBatavae
884 3385 1046 3451 Facultati
1070 3387 1232 3450 litterariae
1249 3408 1414 3472 propone·

239 3530 308 3574 rem
342 3511 385 3574 ad
414 3530 559 3574 summos
582 3493 804 3593 impetrandos
828 3508 981 3573 honores.
1028 3508 1095 3574 Sed
1119 3510 1303 3592 scriptionis
1330 3509 1415 3574 illius

239 3652 316 3695 cum
351 3631 456 3695 multo
486 3633 590 3695 maior
620 3631 768 3695 evaserit'
781 3629 922 3695 ambitus
945 3651 1044 3713 quam
1067 3632 1123 3714 qui
1147 3633 1413 3696 dissertationum

240 3754 514 3818 Academicorum
543 3774 614 3818 esse
638 3756 752 3827 soleat,
776 3752 963 3836 speciminis
986 3752 1060 3817 loco
1084 3774 1172 3817 nunc
1195 3763 1322 3837 partem
1345 3763 1413 3819 tan·

238 3884 308 3940 tum
339 3874 412 3938 libri
441 3874 554 3940 lectori
585 3875 697 3953 ollem,
727 3895 769 3938 ex
801 3875 915 3938 ceteris
947 3875 1103 3938 nonnulla
1126 3884 1242 3959 postea
1266 3875 1413 3951 fortasse,

239 4005 337 4061 aucta
359 4005 393 4060 et
416 4006 573 4078 quantum
596 3997 664 4061 fieri
687 3998 808 4082 poterit
831 3997 1014 4073 emendata,
1038 3997 1215 4060 emissurus
1239 3999 1272 4060 in
1295 3997 1413 4062 lucem.

286 4121 338 4184 De
361 4119 506 4184 lontibus
528 4129 637 4185 antem
662 4120 780 4203 quibus
803 4141 879 4184 usus
903 4140 975 4183 sum
998 4118 1069 4182 haec
1093 4120 1269 4184 observare
1286 4121 1413 4185 sufficit.

241 4242 507 4306 Fundamentum
540 4241 620 4304 mihi
654 4241 714 4306 suit
744 4241 910 4324 Blaydesii
934 4242 1034 4305 editio
1058 4243 1171 4317 maior,
1195 4263 1269 4325 quae
1293 4244 1416 4328 prodiit

240 4363 335 4428 Halis
370 4363 540 4429 Saxonum
574 4365 667 4428 annis
705 4366 932 4447 1880—1893.
975 4363 1075 4429 Cuius
1098 4366 1144 4428 rei
1168 4364 1239 4429 haec
1262 4387 1329 4431 una
1353 4366 1413 4431 fuit

240 4505 338 4550 causa
372 4487 472 4569 quod,
506 4495 542 4550 ut
576 4485 688 4550 dicunt
722 4485 960 4563 Franco-Galli,
992 4485 1126 4551 meliora
1151 4488 1305 4566 deerant;
1330 4510 1408 4553 nam

240 4605 376 4671 multum
406 4607 554 4691 profecto
581 4608 685 4682 abest,
711 4616 746 4671 ut
768 4608 942 4692 diligenter
965 4608 1168 4673 elaboratam
1190 4609 1276 4674 hanc
1302 4612 1414 4676 editio·
