<?xml version="1.0" encoding="UTF-8"?>
<!DOCTYPE html PUBLIC "-//W3C//DTD XHTML 1.0 Transitional//EN"
    "http://www.w3.org/TR/xhtml1/DTD/xhtml1-transitional.dtd">
<html xmlns="http://www.w3.org/1999/xhtml" xml:lang="en" lang="en">
 <head>
  <title>
</title>
<meta http-equiv="Content-Type" content="text/html;charset=utf-8" />
  <meta name='ocr-system' content='tesseract 3.04.00' />
  <meta name='ocr-capabilities' content='ocr_page ocr_carea ocr_par ocr_line ocrx_word'/>
</head>
<body>
  <div class='ocr_page' id='page_1' title='image "./devitiisquibusd00ijzegoog_0059.png"; bbox 0 0 3434 5394; ppageno 0'>
   <div class='ocr_carea' id='block_1_1' title="bbox 877 479 920 543">
    <p class='ocr_par' dir='ltr' id='par_1_1' title="bbox 877 479 920 543">
     <span class='ocr_line' id='line_1_1' title="bbox 877 479 920 543; baseline 0 -17"><span class='ocrx_word' id='word_1_1' title='bbox 877 479 920 543; x_wconf 83' lang='lat'>42</span> 
     </span>
    </p>
   </div>
   <div class='ocr_carea' id='block_1_2' title="bbox 308 662 1488 758">
    <p class='ocr_par' dir='ltr' id='par_1_2' title="bbox 308 662 1488 758">
     <span class='ocr_line' id='line_1_2' title="bbox 308 662 1488 758; baseline -0.001 -29"><span class='ocrx_word' id='word_1_2' title='bbox 308 665 425 758; x_wconf 86' lang='lat' dir='ltr'>iniuria</span> <span class='ocrx_word' id='word_1_3' title='bbox 455 663 629 749; x_wconf 84' lang='lat' dir='ltr'>praeferunt</span> <span class='ocrx_word' id='word_1_4' title='bbox 651 665 770 749; x_wconf 86' lang='lat' dir='ltr'>Bergk,</span> <span class='ocrx_word' id='word_1_5' title='bbox 793 664 942 742; x_wconf 83' lang='lat' dir='ltr'>Dindors,</span> <span class='ocrx_word' id='word_1_6' title='bbox 967 685 1034 729; x_wconf 91' lang='lat' dir='ltr'>von</span> <span class='ocrx_word' id='word_1_7' title='bbox 1056 663 1193 748; x_wconf 82' lang='lat' dir='ltr'>Velsen)</span> <span class='ocrx_word' id='word_1_8' title='bbox 1217 665 1258 741; x_wconf 85' lang='grc' dir='ltr'>ν’,</span> <span class='ocrx_word' id='word_1_9' title='bbox 1274 665 1349 729; x_wconf 75' lang='grc' dir='ltr'><em>αλλ’</em></span> <span class='ocrx_word' id='word_1_10' title='bbox 1370 662 1488 743; x_wconf 62' lang='lat' dir='ltr'>riudam</span> 
     </span>
    </p>
   </div>
   <div class='ocr_carea' id='block_1_3' title="bbox 307 782 1487 1230">
    <p class='ocr_par' dir='ltr' id='par_1_3' title="bbox 307 782 1487 1230">
     <span class='ocr_line' id='line_1_3' title="bbox 307 782 1487 870; baseline -0.003 -17"><span class='ocrx_word' id='word_1_11' title='bbox 307 793 396 853; x_wconf 83' lang='lat' dir='ltr'>Plut.</span> <span class='ocrx_word' id='word_1_12' title='bbox 426 788 570 870; x_wconf 88' lang='lat' dir='ltr'>denique</span> <span class='ocrx_word' id='word_1_13' title='bbox 599 792 666 866; x_wconf 85' lang='lat'>966</span> <span class='ocrx_word' id='word_1_14' title='bbox 695 786 770 850; x_wconf 68' lang='grc' dir='ltr'><em>ἀλλ’</em></span> <span class='ocrx_word' id='word_1_15' title='bbox 803 782 848 850; x_wconf 74' lang='grc' dir='ltr'>ὅτι</span> <span class='ocrx_word' id='word_1_16' title='bbox 871 783 1002 864; x_wconf 67' lang='grc' dir='ltr'><em>μάλιστ’</em></span> <span class='ocrx_word' id='word_1_17' title='bbox 1028 785 1179 861; x_wconf 78' lang='grc' dir='ltr'><em>ἐλήλυθας</em></span> <span class='ocrx_word' id='word_1_18' title='bbox 1201 785 1302 865; x_wconf 76' lang='grc' dir='ltr'><em>λέγειν</em></span> <span class='ocrx_word' id='word_1_19' title='bbox 1325 788 1354 851; x_wconf 83' lang='grc' dir='ltr'>σ’</span> <span class='ocrx_word' id='word_1_20' title='bbox 1379 786 1487 868; x_wconf 80' lang='grc' dir='ltr'><em>ε’χρήν,</em></span> 
     </span>
     <span class='ocr_line' id='line_1_4' title="bbox 308 907 1487 993; baseline 0.001 -21"><span class='ocrx_word' id='word_1_21' title='bbox 308 909 365 972; x_wconf 93' lang='lat' dir='ltr'>ubi</span> <span class='ocrx_word' id='word_1_22' title='bbox 389 909 417 972; x_wconf 84' lang='grc' dir='ltr'>τ’</span> <span class='ocrx_word' id='word_1_23' title='bbox 441 909 600 973; x_wconf 88' lang='lat' dir='ltr'>omittitur</span> <span class='ocrx_word' id='word_1_24' title='bbox 622 909 656 972; x_wconf 92' lang='lat' dir='ltr'>in</span> <span class='ocrx_word' id='word_1_25' title='bbox 671 909 704 972; x_wconf 96' lang='lat' dir='ltr'>V</span> <span class='ocrx_word' id='word_1_26' title='bbox 720 918 754 973; x_wconf 88' lang='lat' dir='ltr'>et</span> <span class='ocrx_word' id='word_1_27' title='bbox 768 909 986 974; x_wconf 85' lang='lat' dir='ltr'>deterioribus</span> <span class='ocrx_word' id='word_1_28' title='bbox 998 907 1118 983; x_wconf 87' lang='lat' dir='ltr'>multis,</span> <span class='ocrx_word' id='word_1_29' title='bbox 1136 908 1198 973; x_wconf 85' lang='lat' dir='ltr'>fuit</span> <span class='ocrx_word' id='word_1_30' title='bbox 1212 930 1287 973; x_wconf 89' lang='lat' dir='ltr'>curn</span> <span class='ocrx_word' id='word_1_31' title='bbox 1303 930 1487 993; x_wconf 87' lang='lat' dir='ltr'><strong>pronomen</strong></span> 
     </span>
     <span class='ocr_line' id='line_1_5' title="bbox 308 1029 1487 1109; baseline 0 -15"><span class='ocrx_word' id='word_1_32' title='bbox 308 1029 484 1096; x_wconf 88' lang='lat' dir='ltr'>delendum</span> <span class='ocrx_word' id='word_1_33' title='bbox 515 1051 693 1106; x_wconf 78' lang='lat' dir='ltr'>censerem,</span> <span class='ocrx_word' id='word_1_34' title='bbox 724 1030 798 1094; x_wconf 80' lang='lat' dir='ltr'>coll.</span> <span class='ocrx_word' id='word_1_35' title='bbox 829 1030 904 1095; x_wconf 88' lang='lat' dir='ltr'>Pac.</span> <span class='ocrx_word' id='word_1_36' title='bbox 938 1046 1034 1109; x_wconf 89' lang='lat'>1041,</span> <span class='ocrx_word' id='word_1_37' title='bbox 1063 1030 1146 1093; x_wconf 88' lang='lat' dir='ltr'>Plut.</span> <span class='ocrx_word' id='word_1_38' title='bbox 1169 1031 1247 1109; x_wconf 89' lang='lat'><strong>406,</strong></span> <span class='ocrx_word' id='word_1_39' title='bbox 1271 1032 1348 1109; x_wconf 90' lang='lat'><strong>624,</strong></span> <span class='ocrx_word' id='word_1_40' title='bbox 1373 1031 1430 1095; x_wconf 92' lang='lat' dir='ltr'>ubi</span> <span class='ocrx_word' id='word_1_41' title='bbox 1452 1031 1487 1094; x_wconf 91' lang='lat' dir='ltr'>in</span> 
     </span>
     <span class='ocr_line' id='line_1_6' title="bbox 308 1152 1485 1230; baseline -0.002 -13"><span class='ocrx_word' id='word_1_42' title='bbox 308 1153 426 1218; x_wconf 90' lang='lat' dir='ltr'>eadem</span> <span class='ocrx_word' id='word_1_43' title='bbox 459 1152 624 1217; x_wconf 90' lang='lat' dir='ltr'>locutione</span> <span class='ocrx_word' id='word_1_44' title='bbox 658 1152 752 1217; x_wconf 86' lang='lat' dir='ltr'>deest</span> <span class='ocrx_word' id='word_1_45' title='bbox 786 1153 820 1216; x_wconf 91' lang='lat' dir='ltr'>in</span> <span class='ocrx_word' id='word_1_46' title='bbox 853 1152 1006 1217; x_wconf 92' lang='lat' dir='ltr'>omnibus</span> <span class='ocrx_word' id='word_1_47' title='bbox 1040 1152 1227 1230; x_wconf 87' lang='lat' dir='ltr'>codicibus;</span> <span class='ocrx_word' id='word_1_48' title='bbox 1263 1172 1351 1216; x_wconf 92' lang='lat' dir='ltr'>nunc</span> <span class='ocrx_word' id='word_1_49' title='bbox 1374 1161 1485 1216; x_wconf 90' lang='lat' dir='ltr'>tamen</span> 
     </span>
    </p>
   </div>
   <div class='ocr_carea' id='block_1_4' title="bbox 307 1273 1488 1468">
    <p class='ocr_par' dir='ltr' id='par_1_4' title="bbox 307 1273 1488 1468">
     <span class='ocr_line' id='line_1_7' title="bbox 307 1273 1488 1357; baseline -0.002 -18"><span class='ocrx_word' id='word_1_50' title='bbox 307 1277 408 1340; x_wconf 89' lang='lat' dir='ltr'>tutius</span> <span class='ocrx_word' id='word_1_51' title='bbox 449 1295 522 1339; x_wconf 91' lang='lat' dir='ltr'>esse</span> <span class='ocrx_word' id='word_1_52' title='bbox 564 1274 643 1338; x_wconf 90' lang='lat' dir='ltr'>mihi</span> <span class='ocrx_word' id='word_1_53' title='bbox 683 1275 812 1338; x_wconf 90' lang='lat' dir='ltr'>videtur</span> <span class='ocrx_word' id='word_1_54' title='bbox 845 1273 997 1338; x_wconf 85' lang='lat' dir='ltr'>meliores</span> <span class='ocrx_word' id='word_1_55' title='bbox 1030 1275 1163 1338; x_wconf 89' lang='lat' dir='ltr'>codices</span> <span class='ocrx_word' id='word_1_56' title='bbox 1197 1275 1299 1357; x_wconf 89' lang='lat' dir='ltr'>sequi,</span> <span class='ocrx_word' id='word_1_57' title='bbox 1331 1274 1488 1357; x_wconf 89' lang='lat' dir='ltr'>quoniam</span> 
     </span>
     <span class='ocr_line' id='line_1_8' title="bbox 307 1393 466 1468; baseline 0.013 -17"><span class='ocrx_word' id='word_1_58' title='bbox 307 1393 396 1455; x_wconf 83' lang='lat' dir='ltr'>Avv.</span> <span class='ocrx_word' id='word_1_59' title='bbox 413 1394 466 1468; x_wconf 84' lang='lat'>58:</span> 
     </span>
    </p>
   </div>
   <div class='ocr_carea' id='block_1_5' title="bbox 486 1561 1295 1645">
    <p class='ocr_par' dir='ltr' id='par_1_5' title="bbox 486 1561 1295 1645">
     <span class='ocr_line' id='line_1_9' title="bbox 486 1561 1295 1645; baseline 0.001 -17"><span class='ocrx_word' id='word_1_60' title='bbox 486 1563 539 1628; x_wconf 81' lang='grc' dir='ltr'>οὖν</span> <span class='ocrx_word' id='word_1_61' title='bbox 562 1562 631 1628; x_wconf 68' lang='grc' dir='ltr'>ἀντὶ</span> <span class='ocrx_word' id='word_1_62' title='bbox 655 1567 708 1629; x_wconf 81' lang='grc' dir='ltr'>τοῦ</span> <span class='ocrx_word' id='word_1_63' title='bbox 733 1561 843 1635; x_wconf 78' lang='grc' dir='ltr'><em>παιδός</em></span> <span class='ocrx_word' id='word_1_64' title='bbox 866 1565 894 1628; x_wconf 83' lang='grc' dir='ltr'>σ’</span> <span class='ocrx_word' id='word_1_65' title='bbox 920 1562 1015 1645; x_wconf 80' lang='grc' dir='ltr'><em>ἐχρῆν</em></span> <span class='ocrx_word' id='word_1_66' title='bbox 1037 1563 1153 1628; x_wconf 77' lang='grc' dir='ltr'><em>ἐποποῖ</em></span> <span class='ocrx_word' id='word_1_67' title='bbox 1171 1569 1295 1640; x_wconf 76' lang='grc' dir='ltr'><em>καλεῒνς</em></span> 
     </span>
    </p>
   </div>
   <div class='ocr_carea' id='block_1_6' title="bbox 308 1742 1491 2070">
    <p class='ocr_par' dir='ltr' id='par_1_6' title="bbox 308 1742 1491 2070">
     <span class='ocr_line' id='line_1_10' title="bbox 309 1742 1489 1820; baseline 0.002 -14"><span class='ocrx_word' id='word_1_68' title='bbox 309 1743 366 1807; x_wconf 92' lang='lat' dir='ltr'>ubi</span> <span class='ocrx_word' id='word_1_69' title='bbox 390 1742 417 1806; x_wconf 86' lang='grc' dir='ltr'>σ’</span> <span class='ocrx_word' id='word_1_70' title='bbox 443 1745 663 1807; x_wconf 90' lang='lat' dir='ltr'>necessarium</span> <span class='ocrx_word' id='word_1_71' title='bbox 687 1763 759 1807; x_wconf 92' lang='lat' dir='ltr'>esse</span> <span class='ocrx_word' id='word_1_72' title='bbox 776 1752 916 1807; x_wconf 85' lang='lat' dir='ltr'>metrum</span> <span class='ocrx_word' id='word_1_73' title='bbox 931 1752 1080 1820; x_wconf 89' lang='lat' dir='ltr'>testatur,</span> <span class='ocrx_word' id='word_1_74' title='bbox 1102 1744 1136 1806; x_wconf 90' lang='lat' dir='ltr'>in</span> <span class='ocrx_word' id='word_1_75' title='bbox 1152 1742 1304 1808; x_wconf 89' lang='lat' dir='ltr'>omnibus</span> <span class='ocrx_word' id='word_1_76' title='bbox 1320 1743 1489 1808; x_wconf 84' lang='lat' dir='ltr'>codicibus</span> 
     </span>
     <span class='ocr_line' id='line_1_11' title="bbox 309 1864 1491 1950; baseline 0.003 -22"><span class='ocrx_word' id='word_1_77' title='bbox 309 1865 479 1940; x_wconf 90' lang='lat' dir='ltr'>omittitur,</span> <span class='ocrx_word' id='word_1_78' title='bbox 510 1864 724 1948; x_wconf 90' lang='lat' dir='ltr'>interpolatus</span> <span class='ocrx_word' id='word_1_79' title='bbox 754 1883 833 1928; x_wconf 90' lang='lat' dir='ltr'>vero</span> <span class='ocrx_word' id='word_1_80' title='bbox 863 1864 972 1928; x_wconf 89' lang='lat' dir='ltr'>codex</span> <span class='ocrx_word' id='word_1_81' title='bbox 995 1864 1023 1929; x_wconf 93' lang='grc' dir='ltr'>Β</span> <span class='ocrx_word' id='word_1_82' title='bbox 1045 1864 1147 1929; x_wconf 90' lang='lat' dir='ltr'>habet</span> <span class='ocrx_word' id='word_1_83' title='bbox 1169 1866 1202 1942; x_wconf 76' lang='grc' dir='ltr'>γ’</span> <span class='ocrx_word' id='word_1_84' title='bbox 1227 1865 1333 1946; x_wconf 77' lang='grc' dir='ltr'><em>ἐχρῆν,</em></span> <span class='ocrx_word' id='word_1_85' title='bbox 1356 1867 1491 1950; x_wconf 88' lang='lat' dir='ltr'>quode</span> 
     </span>
     <span class='ocr_line' id='line_1_12' title="bbox 308 1986 822 2070; baseline -0.002 -21"><span class='ocrx_word' id='word_1_86' title='bbox 308 1986 429 2050; x_wconf 88' lang='lat' dir='ltr'>librarii</span> <span class='ocrx_word' id='word_1_87' title='bbox 452 1988 640 2051; x_wconf 89' lang='lat' dir='ltr'>coniectura</span> <span class='ocrx_word' id='word_1_88' title='bbox 663 1995 771 2050; x_wconf 89' lang='lat' dir='ltr'>ortum</span> <span class='ocrx_word' id='word_1_89' title='bbox 788 1986 822 2070; x_wconf 88' lang='lat'>¹).</span> 
     </span>
    </p>
   </div>
   <div class='ocr_carea' id='block_1_7' title="bbox 307 2108 1490 2288">
    <p class='ocr_par' dir='ltr' id='par_1_7' title="bbox 307 2108 1490 2288">
     <span class='ocr_line' id='line_1_13' title="bbox 353 2108 1490 2192; baseline 0.004 -22"><span class='ocrx_word' id='word_1_90' title='bbox 353 2108 471 2192; x_wconf 87' lang='lat' dir='ltr'>Neque</span> <span class='ocrx_word' id='word_1_91' title='bbox 500 2109 605 2191; x_wconf 86' lang='lat' dir='ltr'>magis</span> <span class='ocrx_word' id='word_1_92' title='bbox 635 2109 816 2173; x_wconf 90' lang='lat' dir='ltr'>secundum</span> <span class='ocrx_word' id='word_1_93' title='bbox 846 2108 933 2172; x_wconf 88' lang='lat' dir='ltr'>hanc</span> <span class='ocrx_word' id='word_1_94' title='bbox 964 2127 1113 2173; x_wconf 88' lang='lat' dir='ltr'>normam</span> <span class='ocrx_word' id='word_1_95' title='bbox 1147 2109 1290 2174; x_wconf 90' lang='lat' dir='ltr'>iudicare</span> <span class='ocrx_word' id='word_1_96' title='bbox 1321 2109 1421 2173; x_wconf 90' lang='lat' dir='ltr'>velim</span> <span class='ocrx_word' id='word_1_97' title='bbox 1444 2109 1490 2174; x_wconf 92' lang='lat' dir='ltr'>de</span> 
     </span>
     <span class='ocr_line' id='line_1_14' title="bbox 307 2228 686 2288; baseline 0.003 -2"><span class='ocrx_word' id='word_1_98' title='bbox 307 2228 452 2287; x_wconf 85' lang='lat' dir='ltr'>Nubium</span> <span class='ocrx_word' id='word_1_99' title='bbox 470 2242 578 2287; x_wconf 88' lang='lat' dir='ltr'>versu</span> <span class='ocrx_word' id='word_1_100' title='bbox 595 2242 686 2288; x_wconf 80' lang='lat'>1022:</span> 
     </span>
    </p>
   </div>
   <div class='ocr_carea' id='block_1_8' title="bbox 596 2388 1187 2590">
    <p class='ocr_par' dir='ltr' id='par_1_8' title="bbox 596 2388 1187 2590">
     <span class='ocr_line' id='line_1_15' title="bbox 596 2388 1187 2473; baseline 0.002 -17"><span class='ocrx_word' id='word_1_101' title='bbox 596 2389 649 2456; x_wconf 74' lang='grc' dir='ltr'>καὶ</span> <span class='ocrx_word' id='word_1_102' title='bbox 674 2391 745 2473; x_wconf 81' lang='grc' dir='ltr'><em>πρὸς</em></span> <span class='ocrx_word' id='word_1_103' title='bbox 766 2388 886 2466; x_wconf 81' lang='grc' dir='ltr'><em>τούτοις</em></span> <span class='ocrx_word' id='word_1_104' title='bbox 907 2399 965 2468; x_wconf 81' lang='grc' dir='ltr'>τῆς</span> <span class='ocrx_word' id='word_1_105' title='bbox 989 2389 1187 2472; x_wconf 71' lang='grc' dir='ltr'><em>Ἀντιμάχου</em></span> 
     </span>
     <span class='ocr_line' id='line_1_16' title="bbox 596 2512 1150 2590; baseline 0.004 -14"><span class='ocrx_word' id='word_1_106' title='bbox 596 2512 855 2590; x_wconf 65' lang='grc' dir='ltr'><em>καταπυγοσύνης</em></span> <span class='ocrx_word' id='word_1_107' title='bbox 879 2515 907 2577; x_wconf 85' lang='grc' dir='ltr'>τ’</span> <span class='ocrx_word' id='word_1_108' title='bbox 931 2513 1150 2590; x_wconf 75' lang='grc' dir='ltr'><em>οὶναπλήσει-</em></span> 
     </span>
    </p>
   </div>
   <div class='ocr_carea' id='block_1_9' title="bbox 307 2709 1492 3768">
    <p class='ocr_par' dir='ltr' id='par_1_9' title="bbox 307 2709 1492 3768">
     <span class='ocr_line' id='line_1_17' title="bbox 307 2709 1488 2793; baseline 0.001 -21"><span class='ocrx_word' id='word_1_109' title='bbox 307 2710 355 2772; x_wconf 90' lang='lat' dir='ltr'>sic</span> <span class='ocrx_word' id='word_1_110' title='bbox 384 2709 472 2772; x_wconf 91' lang='lat' dir='ltr'>enim</span> <span class='ocrx_word' id='word_1_111' title='bbox 502 2717 590 2772; x_wconf 92' lang='lat' dir='ltr'>recte</span> <span class='ocrx_word' id='word_1_112' title='bbox 621 2729 663 2772; x_wconf 84' lang='lat' dir='ltr'>ex</span> <span class='ocrx_word' id='word_1_113' title='bbox 693 2710 808 2792; x_wconf 86' lang='lat' dir='ltr'>paucis</span> <span class='ocrx_word' id='word_1_114' title='bbox 838 2709 1121 2793; x_wconf 88' lang='lat' dir='ltr'>deterioribusque</span> <span class='ocrx_word' id='word_1_115' title='bbox 1151 2710 1319 2774; x_wconf 90' lang='lat' dir='ltr'>codicibus</span> <span class='ocrx_word' id='word_1_116' title='bbox 1343 2710 1488 2774; x_wconf 88' lang='lat' dir='ltr'>edidisse</span> 
     </span>
     <span class='ocr_line' id='line_1_18' title="bbox 308 2830 1487 2915; baseline 0.003 -23"><span class='ocrx_word' id='word_1_117' title='bbox 308 2850 429 2894; x_wconf 88' lang='lat' dir='ltr'>censeo</span> <span class='ocrx_word' id='word_1_118' title='bbox 459 2831 635 2906; x_wconf 86' lang='lat' dir='ltr'>Kockium‚</span> <span class='ocrx_word' id='word_1_119' title='bbox 668 2830 857 2905; x_wconf 71' lang='lat' dir='ltr'>Kiihlerum</span> <span class='ocrx_word' id='word_1_120' title='bbox 889 2830 1110 2913; x_wconf 90' lang='lat' dir='ltr'>Blaydesium‚</span> <span class='ocrx_word' id='word_1_121' title='bbox 1144 2831 1386 2909; x_wconf 90' lang='lat' dir='ltr'>Leeuwenium,</span> <span class='ocrx_word' id='word_1_122' title='bbox 1414 2852 1487 2915; x_wconf 91' lang='lat' dir='ltr'>pro·</span> 
     </span>
     <span class='ocr_line' id='line_1_19' title="bbox 308 2951 1488 3038; baseline 0 -22"><span class='ocrx_word' id='word_1_123' title='bbox 308 2952 463 3016; x_wconf 75' lang='lat' dir='ltr'>bentibus</span> <span class='ocrx_word' id='word_1_124' title='bbox 495 2951 622 3018; x_wconf 92' lang='lat' dir='ltr'>Coenio</span> <span class='ocrx_word' id='word_1_125' title='bbox 654 2961 688 3016; x_wconf 92' lang='lat' dir='ltr'>et</span> <span class='ocrx_word' id='word_1_126' title='bbox 719 2952 884 3016; x_wconf 89' lang='lat' dir='ltr'>Meinekio</span> <span class='ocrx_word' id='word_1_127' title='bbox 908 2951 1046 3036; x_wconf 90' lang='lat' dir='ltr'>(Annot.</span> <span class='ocrx_word' id='word_1_128' title='bbox 1066 2954 1136 3017; x_wconf 91' lang='lat' dir='ltr'>crit.</span> <span class='ocrx_word' id='word_1_129' title='bbox 1163 2973 1197 3036; x_wconf 93' lang='lat' dir='ltr'>p.</span> <span class='ocrx_word' id='word_1_130' title='bbox 1223 2953 1362 3038; x_wconf 91' lang='lat' dir='ltr'>LXIV);</span> <span class='ocrx_word' id='word_1_131' title='bbox 1386 2953 1488 3018; x_wconf 90' lang='lat' dir='ltr'>ceteri</span> 
     </span>
     <span class='ocr_line' id='line_1_20' title="bbox 309 3073 1489 3160; baseline 0.001 -22"><span class='ocrx_word' id='word_1_132' title='bbox 309 3073 451 3156; x_wconf 92' lang='lat' dir='ltr'>reliquos</span> <span class='ocrx_word' id='word_1_133' title='bbox 484 3074 617 3138; x_wconf 90' lang='lat' dir='ltr'>codices</span> <span class='ocrx_word' id='word_1_134' title='bbox 651 3081 842 3157; x_wconf 88' lang='lat' dir='ltr'>sequuntur,</span> <span class='ocrx_word' id='word_1_135' title='bbox 876 3075 935 3160; x_wconf 89' lang='lat' dir='ltr'>qui</span> <span class='ocrx_word' id='word_1_136' title='bbox 963 3076 1119 3140; x_wconf 90' lang='lat' dir='ltr'>omittunt</span> <span class='ocrx_word' id='word_1_137' title='bbox 1147 3095 1330 3159; x_wconf 87' lang='lat' dir='ltr'>pronomen</span> <span class='ocrx_word' id='word_1_138' title='bbox 1362 3076 1409 3153; x_wconf 82' lang='lat' dir='ltr'>r&#39;;</span> <span class='ocrx_word' id='word_1_139' title='bbox 1440 3075 1489 3140; x_wconf 93' lang='lat' dir='ltr'>sic</span> 
     </span>
     <span class='ocr_line' id='line_1_21' title="bbox 309 3195 1490 3280; baseline 0.002 -20"><span class='ocrx_word' id='word_1_140' title='bbox 309 3205 421 3260; x_wconf 89' lang='lat' dir='ltr'>autern</span> <span class='ocrx_word' id='word_1_141' title='bbox 444 3195 619 3270; x_wconf 69' lang='grc' dir='ltr'><em>ἀναπλήσει</em></span> <span class='ocrx_word' id='word_1_142' title='bbox 640 3195 785 3260; x_wconf 84' lang='lat' dir='ltr'>futurum</span> <span class='ocrx_word' id='word_1_143' title='bbox 807 3204 859 3260; x_wconf 85' lang='lat' dir='ltr'>est</span> <span class='ocrx_word' id='word_1_144' title='bbox 880 3197 1058 3280; x_wconf 89' lang='lat' dir='ltr'>passivum,</span> <span class='ocrx_word' id='word_1_145' title='bbox 1074 3199 1166 3261; x_wconf 89' lang='lat' dir='ltr'>cuius</span> <span class='ocrx_word' id='word_1_146' title='bbox 1182 3198 1301 3262; x_wconf 89' lang='lat' dir='ltr'>usitata</span> <span class='ocrx_word' id='word_1_147' title='bbox 1317 3197 1422 3264; x_wconf 84' lang='lat' dir='ltr'>forma</span> <span class='ocrx_word' id='word_1_148' title='bbox 1437 3207 1490 3262; x_wconf 91' lang='lat' dir='ltr'>est</span> 
     </span>
     <span class='ocr_line' id='line_1_22' title="bbox 310 3317 1491 3405; baseline 0.003 -22"><span class='ocrx_word' id='word_1_149' title='bbox 310 3317 557 3394; x_wconf 77' lang='grc' dir='ltr'><em>οὶναπλησθήσεις</em></span> <span class='ocrx_word' id='word_1_150' title='bbox 579 3319 670 3401; x_wconf 92' lang='lat' dir='ltr'>quod</span> <span class='ocrx_word' id='word_1_151' title='bbox 693 3320 721 3382; x_wconf 93' lang='lat' dir='ltr'>si</span> <span class='ocrx_word' id='word_1_152' title='bbox 744 3340 811 3384; x_wconf 89' lang='lat' dir='ltr'>non</span> <span class='ocrx_word' id='word_1_153' title='bbox 835 3321 971 3384; x_wconf 86' lang='lat' dir='ltr'>omnino</span> <span class='ocrx_word' id='word_1_154' title='bbox 987 3321 1165 3385; x_wconf 89' lang='lat' dir='ltr'>absurdum</span> <span class='ocrx_word' id='word_1_155' title='bbox 1180 3320 1212 3405; x_wconf 76' lang='lat'>²),</span> <span class='ocrx_word' id='word_1_156' title='bbox 1227 3329 1377 3387; x_wconf 85' lang='lat' dir='ltr'>attamen</span> <span class='ocrx_word' id='word_1_157' title='bbox 1391 3322 1491 3387; x_wconf 87' lang='lat' dir='ltr'>valde</span> 
     </span>
     <span class='ocr_line' id='line_1_23' title="bbox 310 3440 1489 3526; baseline 0.002 -22"><span class='ocrx_word' id='word_1_158' title='bbox 310 3449 497 3523; x_wconf 91' lang='lat' dir='ltr'>suspectum</span> <span class='ocrx_word' id='word_1_159' title='bbox 521 3448 581 3504; x_wconf 90' lang='lat' dir='ltr'>est.</span> <span class='ocrx_word' id='word_1_160' title='bbox 605 3440 722 3505; x_wconf 93' lang='lat' dir='ltr'>Altera</span> <span class='ocrx_word' id='word_1_161' title='bbox 745 3440 844 3506; x_wconf 89' lang='lat' dir='ltr'>lectio</span> <span class='ocrx_word' id='word_1_162' title='bbox 866 3441 929 3506; x_wconf 90' lang='lat' dir='ltr'>hoc</span> <span class='ocrx_word' id='word_1_163' title='bbox 953 3462 1084 3526; x_wconf 88' lang='lat' dir='ltr'>quoque</span> <span class='ocrx_word' id='word_1_164' title='bbox 1100 3444 1233 3506; x_wconf 89' lang='lat' dir='ltr'>nomine</span> <span class='ocrx_word' id='word_1_165' title='bbox 1248 3452 1382 3526; x_wconf 87' lang='lat' dir='ltr'>praestat</span> <span class='ocrx_word' id='word_1_166' title='bbox 1397 3442 1489 3526; x_wconf 94' lang='lat' dir='ltr'>quod</span> 
     </span>
     <span class='ocr_line' id='line_1_24' title="bbox 310 3561 1492 3648; baseline 0.003 -23"><span class='ocrx_word' id='word_1_167' title='bbox 310 3582 377 3627; x_wconf 89' lang='lat' dir='ltr'>non</span> <span class='ocrx_word' id='word_1_168' title='bbox 400 3563 435 3627; x_wconf 91' lang='lat' dir='ltr'>in</span> <span class='ocrx_word' id='word_1_169' title='bbox 457 3561 560 3627; x_wconf 91' lang='lat' dir='ltr'>dubio</span> <span class='ocrx_word' id='word_1_170' title='bbox 583 3562 746 3646; x_wconf 88' lang='lat' dir='ltr'>relinquit,</span> <span class='ocrx_word' id='word_1_171' title='bbox 769 3564 941 3628; x_wconf 83' lang='lat' dir='ltr'>cuiusnam</span> <span class='ocrx_word' id='word_1_172' title='bbox 963 3564 1105 3628; x_wconf 81' lang='lat' dir='ltr'>hominis</span> <span class='ocrx_word' id='word_1_173' title='bbox 1126 3564 1221 3648; x_wconf 84' lang='lat' dir='ltr'>culpa</span> <span class='ocrx_word' id='word_1_174' title='bbox 1237 3563 1379 3628; x_wconf 84' lang='lat' dir='ltr'>futurum</span> <span class='ocrx_word' id='word_1_175' title='bbox 1394 3566 1437 3629; x_wconf 89' lang='lat' dir='ltr'>sit</span> <span class='ocrx_word' id='word_1_176' title='bbox 1452 3573 1492 3629; x_wconf 89' lang='lat' dir='ltr'>ut</span> 
     </span>
     <span class='ocr_line' id='line_1_25' title="bbox 309 3685 1096 3768; baseline -0.003 -17"><span class='ocrx_word' id='word_1_177' title='bbox 309 3686 501 3751; x_wconf 87' lang='lat' dir='ltr'>Antimachi</span> <span class='ocrx_word' id='word_1_178' title='bbox 524 3685 728 3768; x_wconf 88' lang='lat' dir='ltr'>impudicitia</span> <span class='ocrx_word' id='word_1_179' title='bbox 752 3686 878 3749; x_wconf 89' lang='lat' dir='ltr'>iuvenis</span> <span class='ocrx_word' id='word_1_180' title='bbox 900 3686 1096 3768; x_wconf 88' lang='lat' dir='ltr'>inquinetur.</span> 
     </span>
    </p>
   </div>
   <div class='ocr_carea' id='block_1_10' title="bbox 309 3864 1491 4193">
    <p class='ocr_par' dir='ltr' id='par_1_10' title="bbox 309 3864 1491 4193">
     <span class='ocr_line' id='line_1_26' title="bbox 354 3864 1489 3948; baseline 0.002 -21"><span class='ocrx_word' id='word_1_181' title='bbox 354 3864 473 3928; x_wconf 88' lang='lat' dir='ltr'>Rarius</span> <span class='ocrx_word' id='word_1_182' title='bbox 503 3864 722 3928; x_wconf 88' lang='lat' dir='ltr'>nominativus</span> <span class='ocrx_word' id='word_1_183' title='bbox 744 3865 947 3948; x_wconf 89' lang='lat' dir='ltr'>pronominis</span> <span class='ocrx_word' id='word_1_184' title='bbox 969 3864 1150 3946; x_wconf 90' lang='lat' dir='ltr'>personalis</span> <span class='ocrx_word' id='word_1_185' title='bbox 1172 3865 1311 3928; x_wconf 91' lang='lat' dir='ltr'>insertus</span> <span class='ocrx_word' id='word_1_186' title='bbox 1334 3873 1402 3941; x_wconf 90' lang='lat' dir='ltr'>est;</span> <span class='ocrx_word' id='word_1_187' title='bbox 1426 3885 1489 3929; x_wconf 90' lang='lat' dir='ltr'>nec</span> 
     </span>
     <span class='ocr_line' id='line_1_27' title="bbox 309 3985 1489 4069; baseline 0.003 -22"><span class='ocrx_word' id='word_1_188' title='bbox 309 3993 421 4048; x_wconf 91' lang='lat' dir='ltr'>tamen</span> <span class='ocrx_word' id='word_1_189' title='bbox 443 4006 576 4069; x_wconf 90' lang='lat' dir='ltr'>prorsus</span> <span class='ocrx_word' id='word_1_190' title='bbox 599 3985 719 4050; x_wconf 92' lang='lat' dir='ltr'>desunt</span> <span class='ocrx_word' id='word_1_191' title='bbox 735 3985 900 4068; x_wconf 89' lang='lat' dir='ltr'>exempla.</span> <span class='ocrx_word' id='word_1_192' title='bbox 925 3985 1143 4068; x_wconf 89' lang='lat' dir='ltr'>Aptissimum</span> <span class='ocrx_word' id='word_1_193' title='bbox 1159 3995 1210 4049; x_wconf 90' lang='lat' dir='ltr'>est</span> <span class='ocrx_word' id='word_1_194' title='bbox 1232 3991 1320 4050; x_wconf 85' lang='lat' dir='ltr'>Plnt.</span> <span class='ocrx_word' id='word_1_195' title='bbox 1348 4005 1411 4066; x_wconf 78' lang='lat'>217,</span> <span class='ocrx_word' id='word_1_196' title='bbox 1431 3987 1489 4050; x_wconf 87' lang='lat' dir='ltr'>ubi</span> 
     </span>
     <span class='ocr_line' id='line_1_28' title="bbox 310 4103 1491 4193; baseline 0.004 -25"><span class='ocrx_word' id='word_1_197' title='bbox 310 4107 343 4169; x_wconf 87' lang='lat' dir='ltr'>in</span> <span class='ocrx_word' id='word_1_198' title='bbox 375 4106 408 4170; x_wconf 95' lang='lat' dir='ltr'>V</span> <span class='ocrx_word' id='word_1_199' title='bbox 438 4106 574 4191; x_wconf 85' lang='lat' dir='ltr'>legitur:</span> <span class='ocrx_word' id='word_1_200' title='bbox 606 4107 699 4178; x_wconf 76' lang='grc' dir='ltr'><em>αὐτὸς</em></span> <span class='ocrx_word' id='word_1_201' title='bbox 728 4107 789 4184; x_wconf 78' lang='grc' dir='ltr'>ἐγὼ</span> <span class='ocrx_word' id='word_1_202' title='bbox 822 4103 982 4187; x_wconf 67' lang='grc' dir='ltr'><em>διαπράξω</em></span> <span class='ocrx_word' id='word_1_203' title='bbox 1013 4110 1118 4172; x_wconf 84' lang='grc' dir='ltr'><em>ταῦτα</em></span> <span class='ocrx_word' id='word_1_204' title='bbox 1149 4129 1209 4191; x_wconf 92' lang='lat' dir='ltr'>pro</span> <span class='ocrx_word' id='word_1_205' title='bbox 1233 4107 1371 4193; x_wconf 89' lang='lat' dir='ltr'>simplici</span> <span class='ocrx_word' id='word_1_206' title='bbox 1395 4108 1491 4181; x_wconf 79' lang='grc' dir='ltr'><em>αὐτος</em></span> 
     </span>
    </p>
   </div>
   <div class='ocr_carea' id='block_1_11' title="bbox 310 4262 507 4273">
    <p class='ocr_par' dir='ltr' id='par_1_11' title="bbox 310 4262 507 4273">
     <span class='ocr_line' id='line_1_29' title="bbox 310 4262 507 4273; baseline 0.015 -3"><span class='ocrx_word' id='word_1_207' title='bbox 310 4262 507 4273; x_wconf 80' lang='lat'>——..</span> 
     </span>
    </p>
   </div>
   <div class='ocr_carea' id='block_1_12' title="bbox 309 4325 1490 4627">
    <p class='ocr_par' dir='ltr' id='par_1_12' title="bbox 342 4325 1489 4395">
     <span class='ocr_line' id='line_1_30' title="bbox 342 4325 1489 4395; baseline 0.004 -19"><span class='ocrx_word' id='word_1_208' title='bbox 342 4325 364 4390; x_wconf 86' lang='lat'>1)</span> <span class='ocrx_word' id='word_1_209' title='bbox 382 4327 442 4394; x_wconf 83' lang='lat' dir='ltr'>„B’s</span> <span class='ocrx_word' id='word_1_210' title='bbox 458 4328 584 4379; x_wconf 78' lang='lat' dir='ltr'>favourite</span> <span class='ocrx_word' id='word_1_211' title='bbox 601 4327 690 4378; x_wconf 84' lang='lat' dir='ltr'>device</span> <span class='ocrx_word' id='word_1_212' title='bbox 708 4327 729 4377; x_wconf 88' lang='lat' dir='ltr'>is</span> <span class='ocrx_word' id='word_1_213' title='bbox 741 4329 783 4378; x_wconf 90' lang='lat' dir='ltr'>the</span> <span class='ocrx_word' id='word_1_214' title='bbox 794 4328 918 4378; x_wconf 80' lang='lat' dir='ltr'>insertion</span> <span class='ocrx_word' id='word_1_215' title='bbox 927 4328 959 4379; x_wconf 77' lang='lat' dir='ltr'>of</span> <span class='ocrx_word' id='word_1_216' title='bbox 971 4329 1025 4390; x_wconf 77' lang='grc' dir='ltr'>γι”</span> <span class='ocrx_word' id='word_1_217' title='bbox 1037 4356 1071 4367; x_wconf 93' lang='grc'><strong>-</strong></span> <span class='ocrx_word' id='word_1_218' title='bbox 1083 4327 1307 4394; x_wconf 82' lang='lat' dir='ltr'>StarkieProlegg.</span> <span class='ocrx_word' id='word_1_219' title='bbox 1317 4330 1394 4395; x_wconf 90' lang='lat' dir='ltr'>Vesp.</span> <span class='ocrx_word' id='word_1_220' title='bbox 1403 4346 1428 4395; x_wconf 90' lang='lat' dir='ltr'>p.</span> <span class='ocrx_word' id='word_1_221' title='bbox 1438 4328 1489 4393; x_wconf 76' lang='lat' dir='ltr'><strong>L&#39;).</strong></span> 
     </span>
    </p>

    <p class='ocr_par' dir='ltr' id='par_1_13' title="bbox 309 4408 1490 4627">
     <span class='ocr_line' id='line_1_31' title="bbox 343 4408 1490 4480; baseline 0.003 -22"><span class='ocrx_word' id='word_1_222' title='bbox 343 4409 467 4476; x_wconf 72' lang='lat' dir='ltr'>²)„Nam</span> <span class='ocrx_word' id='word_1_223' title='bbox 492 4411 602 4462; x_wconf 76' lang='lat' dir='ltr'>futurum</span> <span class='ocrx_word' id='word_1_224' title='bbox 627 4408 768 4472; x_wconf 78' lang='grc' dir='ltr'><em>τλήσομαι,</em></span> <span class='ocrx_word' id='word_1_225' title='bbox 792 4411 853 4461; x_wconf 90' lang='lat' dir='ltr'>licet</span> <span class='ocrx_word' id='word_1_226' title='bbox 877 4411 940 4462; x_wconf 81' lang='lat' dir='ltr'>alias</span> <span class='ocrx_word' id='word_1_227' title='bbox 965 4411 1035 4477; x_wconf 83' lang='lat' dir='ltr'>apud</span> <span class='ocrx_word' id='word_1_228' title='bbox 1060 4410 1158 4461; x_wconf 81' lang='lat' dir='ltr'>Atticos</span> <span class='ocrx_word' id='word_1_229' title='bbox 1180 4411 1313 4476; x_wconf 85' lang='lat' dir='ltr'>scriptores</span> <span class='ocrx_word' id='word_1_230' title='bbox 1337 4428 1392 4462; x_wconf 85' lang='lat' dir='ltr'>non</span> <span class='ocrx_word' id='word_1_231' title='bbox 1414 4419 1490 4480; x_wconf 81' lang='lat' dir='ltr'>extet,</span> 
     </span>
     <span class='ocr_line' id='line_1_32' title="bbox 309 4491 1490 4562; baseline 0.003 -21"><span class='ocrx_word' id='word_1_232' title='bbox 309 4491 393 4558; x_wconf 90' lang='lat' dir='ltr'>potuit</span> <span class='ocrx_word' id='word_1_233' title='bbox 415 4500 499 4544; x_wconf 84' lang='lat' dir='ltr'>tamen</span> <span class='ocrx_word' id='word_1_234' title='bbox 516 4496 549 4545; x_wconf 84' lang='lat' dir='ltr'>ab</span> <span class='ocrx_word' id='word_1_235' title='bbox 566 4494 662 4544; x_wconf 84' lang='lat' dir='ltr'>aoristo</span> <span class='ocrx_word' id='word_1_236' title='bbox 679 4491 796 4555; x_wconf 71' lang='grc' dir='ltr'><em>ἔπλήμήν</em></span> <span class='ocrx_word' id='word_1_237' title='bbox 813 4494 869 4543; x_wconf 87' lang='lat' dir='ltr'>sine</span> <span class='ocrx_word' id='word_1_238' title='bbox 885 4494 949 4545; x_wconf 86' lang='lat' dir='ltr'>vitio</span> <span class='ocrx_word' id='word_1_239' title='bbox 966 4494 1068 4562; x_wconf 84' lang='lat' dir='ltr'>deduci,</span> <span class='ocrx_word' id='word_1_240' title='bbox 1084 4501 1109 4544; x_wconf 92' lang='lat' dir='ltr'>et</span> <span class='ocrx_word' id='word_1_241' title='bbox 1125 4495 1194 4559; x_wconf 82' lang='lat' dir='ltr'>apud</span> <span class='ocrx_word' id='word_1_242' title='bbox 1210 4496 1316 4544; x_wconf 79' lang='lat' dir='ltr'>Aratum</span> <span class='ocrx_word' id='word_1_243' title='bbox 1333 4503 1400 4545; x_wconf 88' lang='lat' dir='ltr'>certe</span> <span class='ocrx_word' id='word_1_244' title='bbox 1416 4511 1490 4561; x_wconf 87' lang='lat' dir='ltr'>repe·</span> 
     </span>
     <span class='ocr_line' id='line_1_33' title="bbox 310 4574 864 4627; baseline 0.005 -4"><span class='ocrx_word' id='word_1_245' title='bbox 310 4574 374 4624; x_wconf 88' lang='lat' dir='ltr'>ritur</span> <span class='ocrx_word' id='word_1_246' title='bbox 390 4574 476 4626; x_wconf 84' lang='lat' dir='ltr'>Phaen.</span> <span class='ocrx_word' id='word_1_247' title='bbox 497 4579 585 4627; x_wconf 89' lang='lat'>1121”.</span> <span class='ocrx_word' id='word_1_248' title='bbox 602 4605 636 4615; x_wconf 92' lang='lat'>-</span> <span class='ocrx_word' id='word_1_249' title='bbox 653 4577 712 4626; x_wconf 80' lang='lat' dir='ltr'>Van</span> <span class='ocrx_word' id='word_1_250' title='bbox 728 4577 864 4626; x_wconf 78' lang='lat' dir='ltr'>Leeuwen.</span> 
     </span>
    </p>
   </div>
   <div class='ocr_carea' id='block_1_13' title="bbox 0 0 1725 5394">
    <p class='ocr_par' dir='ltr' id='par_1_14' title="bbox 0 0 1725 5394">
     <span class='ocr_line' id='line_1_34' title="bbox 0 0 1725 5394; baseline 0 0"><span class='ocrx_word' id='word_1_251' title='bbox 0 0 1725 5394; x_wconf 95' lang='lat' dir='ltr'> </span> 
     </span>
    </p>
   </div>
  </div>
 </body>
</html>
