3444 5396
791 514 831 581 73

267 687 337 750 lam
361 687 577 752 Casaubonus
600 686 803 751 annotabat:
830 685 907 761 „An
932 685 1120 770 legendum,
1137 684 1221 757 όςπὸ
1234 683 1351 766 πρόσθε,
1367 693 1403 747 ut

222 805 317 869 ante?
362 806 452 868 Ferri
474 813 585 868 tamen
608 813 720 888 potest
743 804 815 876 εἰς.”
838 841 879 852 -
905 803 979 868 Hac
1002 805 1036 866 in
1060 825 1096 868 re
1119 804 1161 868 ab
1187 803 1321 888 egregio
1345 802 1401 866 illo

221 925 392 1010 philologo
423 927 590 1003 dissentio,
621 928 711 1009 quod
742 924 778 989 πὸ
810 924 852 997 εἷς
882 925 957 989 ferri
987 945 1086 1007 posse
1117 927 1174 989 vix
1197 925 1400 989 crediderim.

222 1049 327 1113 Multo
351 1050 440 1113 enim
465 1049 596 1113 duriora
619 1048 700 1112 mihi
724 1049 876 1113 videntur
905 1048 1009 1112 verba
1031 1047 1073 1120 εἷς
1095 1047 1130 1113 τὸ
1154 1045 1273 1128 πρόσόε,
1301 1068 1401 1130 quam

220 1193 297 1254 quae
330 1172 450 1247 Demo,
486 1172 655 1254 decrepito
690 1171 771 1246 seni,
807 1171 1022 1247 conveniant;
1057 1171 1150 1234 ducis
1182 1171 1291 1252 potius
1323 1169 1402 1232 talia

220 1303 297 1360 sunt
320 1292 477 1358 militibus
500 1293 690 1375 imperantis
720 1291 775 1358 vel
797 1295 958 1378 praeconis
990 1294 1124 1357 comitia
1138 1291 1353 1356 convocantis
1370 1291 1401 1375 ¹).

221 1418 366 1502 Egregie
389 1436 470 1481 vero
493 1415 638 1479 Demum
662 1416 760 1480 decet
783 1415 822 1489 ὠς
845 1413 880 1480 πὸ
905 1413 1013 1497 πρόσόε
1037 1414 1137 1499 (quod
1153 1423 1267 1478 extare
1283 1413 1402 1476 dicitur

222 1541 255 1605 in
278 1540 393 1605 codice
416 1537 452 1615 S,
476 1538 631 1621 quodque
655 1546 851 1621 receperunt
874 1537 993 1621 Bergk,
1019 1537 1126 1614 Kock,
1155 1557 1222 1600 von
1245 1535 1400 1621 Velsen):

223 1683 265 1738 „a
288 1661 395 1745 prisco
418 1681 495 1725 meo
518 1660 630 1723 more'’
656 1661 761 1743 inquit
780 1680 867 1737 „non
893 1660 1057 1735 recedam,
1085 1660 1146 1724 sed
1165 1667 1201 1723 ut
1216 1667 1314 1722 antea
1330 1677 1403 1720 mos

222 1782 292 1860 fuit,
315 1785 349 1847 in
374 1782 484 1865 Pnyce
508 1782 776 1865 disceptabitur.’'
800 1818 845 1831 —

266 1905 413 1969 Nimium
454 1912 566 1968 autem
610 1904 813 1967 Ravennatis
848 1905 1025 1968 auctoritas
1064 1902 1153 1987 apud
1187 1901 1380 1966 Velsenium

223 2026 364 2091 valuisse
387 2025 467 2090 mihi
489 2025 619 2090 videtur
640 2030 730 2090 Plut.
747 2046 797 2106 32,

468 2227 687 2310 ἐπερησόμενος
710 2223 757 2294 οὖν
780 2228 906 2311 ᾠχόμην
929 2230 969 2303 ὡς
991 2228 1043 2293 σόν
1067 2226 1139 2304 όεόν,

224 2421 280 2485 ubi
310 2441 371 2504 pro
402 2422 441 2493 ὥς
470 2421 594 2505 recepit
625 2422 694 2486 eius
725 2420 902 2487 lectionem
934 2419 1019 2501 πρός.
1066 2422 1184 2505 Neque
1210 2421 1402 2504 prudentius

224 2539 311 2604 idem
346 2544 517 2619 Plut.152‚
544 2539 600 2603 ubi
631 2539 714 2603 haec
743 2539 822 2604 dicit
852 2539 1064 2622 Chremylus:
1098 2541 1232 2616 „dicunt
1261 2537 1402 2602 meretri-

224 2661 314 2726 culas
337 2661 533 2737 Corinthiae,
557 2662 584 2725 si
608 2661 650 2725 ab
674 2661 807 2726 homine
830 2662 932 2726 divite
956 2671 1121 2746 petantur,

402 2865 455 2930 τόν
478 2865 613 2947 πρωκτόν
637 2863 737 2939 eirico
760 2864 845 2939 εὐθὺς
868 2866 906 2938 ὥς
927 2869 1033 2932 τοῦτον
1056 2865 1206 2948 πρόπειν,”

224 3069 356 3126 secutus
380 3069 430 3125 est
452 3061 683 3126 Ravennatem
706 3071 740 3126 et
756 3060 875 3126 multos
887 3061 979 3140 alios,
994 3062 1050 3145 qui
1063 3061 1103 3133 εἰς
1115 3062 1178 3147 (vel
1191 3061 1230 3147 ἐς)
1243 3061 1401 3146 praebent.

268 3182 422 3249 Similiter
445 3182 484 3257 ὡς
507 3185 640 3248 evanuit
662 3185 695 3248 in
719 3183 882 3248 nonnullis
906 3184 1075 3249 codicibus
1099 3191 1205 3252 Nubb.
1224 3205 1309 3264 1199:

291 3385 363 3470 όπερ
388 3390 413 3453 oi
435 3387 593 3471 aperieiur
616 3387 677 3470 νόνρ
701 3387 821 3454 δοκοῦσι’
838 3411 889 3468 μοι
908 3389 1023 3454 πνόεῖν·
1045 3389 1100 3476 (cf.
1123 3411 1223 3474 supra
1242 3412 1274 3475 p.
1295 3390 1349 3474 65)

293 3509 328 3576 ἵν’
350 3512 387 3584 ὥς
409 3509 555 3593 τάχιστοι
578 3509 620 3576 τόν
645 3513 807 3593 πρυτανεῖ’
832 3510 1010 3596 ὑφελοίατο,

293 3632 343 3699 διὰ
367 3637 457 3699 τοῦτο
481 3631 716 3715 προύπὲνόενσνν
740 3631 838 3719 ἡμέρᾳ
862 3639 930 3718 μνᾷ,

226 3846 282 3910 ubi
313 3848 346 3910 in
379 3847 495 3912 codice
524 3846 618 3912 Cant.
644 3863 661 3927 3
686 3846 730 3910 ad
753 3841 786 3911 ἵν’
811 3846 849 3919 ὡς
871 3847 1021 3912 additum
1044 3857 1094 3912 est
1125 3847 1290 3933 glossema
1311 3845 1402 3925 ὅπως,

226 3970 260 4033 in
290 3967 383 4034 Harl.
416 3987 433 4051 3
466 3979 500 4035 et
522 3968 617 4034 Bodl.
648 3987 689 4049 4:
722 3965 804 4044 όπννς
827 3969 906 4034 alar.
952 3971 1049 4036 Unde
1073 3981 1211 4055 apparet
1233 3972 1402 4054 quomodo

226 4099 297 4155 orta
320 4091 363 4155 sit
384 4090 482 4156 lectio
506 4091 718 4167 Ravennatis,
739 4092 871 4166 Veneti,
891 4090 1045 4156 aliorum:
1067 4087 1148 4164 ὅπως
1161 4089 1306 4174 πόχνσπν
1325 4093 1402 4170 κσὲ.,

258 4382 278 4445 1)
295 4382 363 4449 „Sed
385 4399 433 4448 age
458 4381 632 4448 procedamus,
657 4384 802 4449 vorwttrts‚'’
820 4381 893 4431 vertit
909 4381 1030 4432 Meineke
1046 4381 1134 4446 (Vind.
1151 4382 1196 4431 Ar.
1214 4396 1239 4447 p.
1256 4382 1309 4448 61),
1326 4398 1402 4448 quem

224 4466 331 4516 minime
355 4466 405 4516 hoc
430 4467 497 4517 male
513 4466 603 4533 habet3
621 4466 754 4517 assentitur
771 4466 796 4516 ei
813 4465 917 4531 Zaeher,
939 4464 1224 4529 Aristophauesstudien
1241 4482 1267 4531 p.
1287 4476 1332 4530 115
1351 4479 1403 4534 sq.;

226 4549 302 4598 huius
327 4555 410 4600 autem
435 4555 613 4614 argumentum
638 4547 670 4607 ὥς
693 4549 724 4598 πό
743 4547 834 4612 πρόσόσ
851 4547 900 4597 hac
916 4547 1104 4612 significatione
1120 4547 1190 4620 apud
1206 4548 1402 4621 Aristophanem

225 4647 279 4684 non
295 4632 386 4701 redire,
404 4632 510 4683 minime
526 4631 716 4698 neglegendum
733 4647 788 4682 esse
804 4630 914 4682 libenter
930 4630 1052 4686 concedo.
