3444 5396
776 471 814 539 81

252 656 357 724 Simul
391 660 553 724 tractandi
586 667 662 724 sunt
695 667 802 728 lliubb.
820 667 881 741 263
899 669 933 726 et
959 680 1026 740 ²⁷4·
1067 657 1105 725 In
1138 661 1248 744 priore
1281 679 1375 724 versu

205 779 362 844 Socrates
386 780 501 844 Nubes
525 781 736 846 invocaturus
760 782 807 845 sie
831 782 958 864 incipit:

319 949 468 1030 εὐφημεῖν
488 949 550 1030 χρὴ
574 949 625 1014 τὸν
647 948 822 1032 πρεσβύτην
845 948 898 1014 καὶ
922 958 979 1026 τῆς
1001 952 1097 1033 εὑχῆς
1119 950 1289 1028 ε’πακούειν,

203 1129 238 1192 in
261 1129 445 1210 posteriore
467 1127 518 1191 his
541 1128 651 1193 verbis
674 1130 874 1194 invocationi
897 1129 998 1194 finem
1022 1131 1178 1216 imponit:

295 1296 497 1364 ὑπακούσατε
524 1296 693 1377 δεξύμεναι
718 1299 821 1366 ύνσύαν
842 1299 895 1367 καὶ
919 1307 982 1374 τοῖς
1001 1303 1098 1383 ἱεροῖσι
1122 1307 1267 1384 χαρεῖσαι
1280 1301 1312 1388 ¹),

205 1479 266 1543 has
289 1479 377 1542 enim
400 1498 495 1543 veras
518 1476 675 1544 lectiones
698 1500 770 1544 esse
794 1501 924 1545 censeo.
960 1481 1156 1547 Accuratius
1179 1482 1266 1547 enim
1289 1501 1387 1560 quam

207 1600 381 1678 Heindorf,
413 1601 471 1684 qui
501 1601 556 1685 (ad
587 1601 668 1666 Plat.
700 1601 803 1686 Gorg.
835 1626 868 1687 p.
899 1606 965 1685 487
990 1604 1027 1682 C,
1051 1605 1115 1670 Ed.
1140 1605 1179 1681 II,
1202 1625 1280 1690 pag.
1309 1605 1383 1689 126)

206 1720 393 1802 ,ὑπακούειν
434 1731 486 1787 est
516 1724 710 1801 auscultare,
742 1723 900 1789 ἐπακούειν
932 1726 1118 1790 audientem
1147 1746 1183 1790 sc
1205 1702 1389 1808 preda&

206 1845 357 1912 Cobetus
379 1845 434 1930 (N.
459 1847 497 1909 L.
520 1865 554 1928 p.
578 1859 642 1927 520
661 1847 723 1931 sq.)
734 1845 807 1911 haec
817 1847 919 1911 verba
931 1849 978 1911 sic
991 1847 1158 1911 distinxit:
1172 1842 1333 1911 ὑπακούειν
1346 1871 1389 1907 =

205 1988 335 2054 parere,
371 1965 530 2032 ἐπακούειν
555 1967 753 2032 :facilem
785 1969 933 2052 praebere
965 1989 1087 2034 aurem.
1123 1969 1267 2034 Accedit
1296 1968 1385 2051 quod

206 2091 307 2157 valde
330 2090 468 2155 dubium
492 2097 542 2154 est
564 2109 643 2154 num
667 2087 829 2156 ὑπακούειν
852 2111 927 2155 cum
949 2092 1097 2177 genitivo
1111 2091 1265 2176 coniungi
1277 2090 1390 2174 possit.

209 2215 331 2282 Iniuria
364 2213 463 2299 igitur
497 2213 707 2278 Hermannus
737 2221 771 2277 et
794 2212 953 2299 Bergkius
977 2215 1010 2280 in
1034 2235 1081 2280 vs.
1107 2214 1169 2297 263
1188 2215 1392 2279 retinuerunt

208 2339 301 2423 quod
344 2336 469 2401 habent
506 2337 640 2401 codices
674 2345 794 2422 praeter
827 2335 890 2400 RV
925 2334 1097 2414 ὑπακούειν,
1133 2356 1240 2420 neque
1274 2334 1392 2400 melius

210 2461 393 2537 Hermann,
427 2457 547 2544 Bergk,
581 2458 744 2535 Meineke,
768 2459 914 2524 Dindors
932 2460 966 2524 in
978 2480 1026 2524 vs.
1041 2475 1106 2543 274
1119 2479 1163 2523 ex
1174 2459 1393 2524 deterioribus

210 2583 377 2648 nonnullis
400 2589 596 2665 receperunt
627 2580 833 2646 ἐπακούσατε.

257 2703 369 2767 Nihilo
393 2704 498 2788 magis
521 2704 637 2768 dubito
660 2704 704 2768 de
726 2709 834 2784 Vesp.
853 2711 935 2785 670:

280 2862 347 2950 κᾷθ’
369 2859 447 2930 οὑτοι
469 2863 527 2944 μὲν
551 2861 757 2947 δωροδοκοῦσιν
778 2865 864 2931 κατὰ
889 2866 1080 2942 πεντήκοντα
1103 2865 1250 2933 τύλαντα

281 2988 346 3052 οὶπὺ
368 2993 428 3052 τῶν
448 2985 575 3065 πόλεων,
599 2987 839 3060 ἐπαπειλοῦντες
861 2988 980 3054 τοιαυτὶ
1004 2990 1298 3076 καναΦοβούντεςὺ).

283 3111 396 3176 δώσετε
423 3109 475 3176 τὺν
500 3109 601 3193 Φύρον,
626 3109 643 3186 ἢ
667 3109 839 3191 βροντήσας
863 3113 919 3188 τὺρν
945 3112 1032 3177 πόλιν
1056 3114 1127 3192 ὑμῖν
1149 3110 1321 3195 ἀνατρέψω,

213 3291 272 3354 ubi
296 3290 456 3368 ‚,sortasse
486 3285 597 3354 recte'’
630 3289 823 3373 Blaydesius
846 3301 984 3357 annotat
1010 3294 1054 3358 ad
1079 3294 1253 3359 lectionem
1277 3293 1396 3358 Veneti

213 3413 467 3484 ὑπαπειλοῦντες.
513 3411 614 3493 Quod
648 3413 861 3498 significaret:
897 3423 1005 3491 „tecte
1036 3416 1238 3495 minantes'’;
1263 3415 1397 3479 minime

212 3545 328 3601 tamen
350 3543 448 3600 tectae
471 3544 547 3600 sunt
568 3537 664 3600 minae
687 3555 763 3619 quae
785 3546 974 3620 sequuntur.

260 3660 390 3724 Eadem
414 3660 456 3722 de
480 3678 581 3722 causa
603 3663 692 3723 Plut.
711 3664 770 3738 548
793 3658 879 3724 facio
903 3680 978 3724 cum
994 3660 1163 3725 Meinekio
1180 3669 1214 3726 et
1229 3660 1396 3738 Velsenio,
1460 3701 1462 3708 ,

214 3781 449 3866 recipientibus
471 3780 648 3846 lectionem
672 3790 838 3848 servatam
860 3785 950 3867 apud
973 3783 1095 3848 Polluc.
1121 3784 1179 3861 IX,
1204 3784 1222 3870 ᾗ
1251 3802 1329 3866 139:

216 3952 255 4018 σὺ
271 3954 328 4034 μὲν
353 3948 400 4019 οὑν
424 3953 475 4019 τὸν
498 3953 571 4035 ἐροὺν
595 3953 662 4032 βίον
685 3951 813 4036 εἵρκκας,
837 3953 889 4020 τὺν
912 3960 973 4021 τῶν
996 3960 1136 4036 πτωχῶν
1160 3952 1187 4019 δ’
1213 3951 1395 4035 ἐπεκρούσω,

216 4155 292 4198 cum
314 4136 348 4198 in
379 4137 548 4201 codicibus
577 4137 620 4201 sit
642 4132 831 4215 ὑπεκρούσωε
858 4135 947 4201 haud
969 4137 1065 4201 tectis
1087 4135 1198 4201 verbis
1221 4136 1255 4200 in
1277 4154 1396 4218 praece·

217 4257 371 4322 dentibus
394 4258 525 4323 locutus
547 4266 598 4323 est
621 4258 828 4341 Chremylus

251 4461 271 4524 1)
287 4463 407 4524 φανεῖσαι
424 4463 456 4528 V,
474 4461 526 4528 alii,
543 4478 567 4511 v.
585 4462 603 4514 l.
621 4461 702 4511 schol.

249 4543 444 4608 ἳρᾶναβοωντις
459 4562 484 4596 v.
501 4545 659 4596 Herwerden
676 4547 770 4596 Mnem.
787 4543 883 4611 XXVI,
899 4560 925 4612 p.
944 4555 1005 4611 1033
1022 4547 1097 4609 recte,
1113 4547 1141 4592 ut
1157 4541 1270 4610 videtur3
1287 4542 1315 4592 in
1324 4541 1393 4592 idem

218 4623 274 4691 ipse
290 4623 437 4675 incideram.

1279 4705 1295 4754 6
