3444 5396
576 1772 725 1832 CAPUT
753 1773 995 1836 SEPTIMUM.

498 1957 548 2018 De
570 1957 872 2031 praepositionibus
895 1959 1061 2020 confusis.

242 2409 312 2474 lam
342 2408 442 2493 paulo
477 2409 607 2473 uberius
638 2410 805 2492 disputare
837 2410 915 2474 mihi
944 2409 1041 2474 liceat
1072 2410 1114 2474 de
1145 2431 1187 2475 eo
1221 2411 1374 2476 vitiorum

196 2552 318 2615 genere
343 2553 386 2596 ex
408 2553 476 2614 quo
498 2532 564 2595 iam
587 2531 651 2595 sub
675 2529 774 2595 finem
797 2532 1013 2615 praecedentis
1037 2532 1152 2615 capitis
1176 2553 1282 2616 pauca
1297 2531 1373 2596 deli-

197 2653 291 2730 bavi;
326 2651 527 2736 corruptelas
561 2652 636 2716 dico
671 2672 753 2736 quas
789 2654 952 2717 interdum
983 2673 1149 2737 perpessae
1183 2662 1260 2718 sunt
1294 2673 1373 2736 prae·

196 2775 388 2858 positiones.

240 2897 390 2980 Quorum
415 2917 560 2961 errorum
583 2895 666 2962 haec
696 2899 863 2981 praecipua
885 2907 935 2963 est
954 2918 1065 2974 causa,
1088 2899 1178 2982 quod
1202 2919 1291 2982 saepe
1319 2900 1373 2963 ad-

196 3019 332 3084 modum
355 3021 438 3085 inter
456 3040 492 3084 se
511 3019 629 3084 similia
651 3028 727 3084 sunt
749 3020 948 3105 compendia
962 3020 1142 3084 litterarum
1162 3022 1280 3104 quibus
1296 3021 1374 3085 olim

196 3142 425 3208 indicabantur
456 3142 707 3226 praepositiones
724 3142 758 3226 ¹).
804 3141 859 3206 Sic
891 3163 990 3206 nemo
1020 3142 1076 3224 qui
1099 3142 1153 3206 vel
1174 3142 1375 3207 levissimam

196 3287 272 3331 cum
293 3265 457 3330 veteribus
480 3264 649 3329 codicibus
671 3263 726 3329 vel
750 3263 884 3348 papyris
907 3262 1157 3329 familiaritatem
1176 3264 1376 3328 contraxerit

196 3387 311 3462 nescit,
334 3406 434 3469 quam
458 3387 615 3470 exiguum
638 3387 680 3450 sit
702 3385 876 3449 discrimen
900 3385 983 3449 inter
1005 3387 1273 3470 praepositionum
1287 3383 1374 3466 παραὶ

87 3581 90 3586 Δ
197 3518 231 3573 et
255 3507 324 3590 rapi
340 3509 538 3593 compendia
556 3545 601 3556 -
616 3507 695 3590 qnid
710 3507 827 3570 mirum
843 3506 940 3590 igitur
956 3507 1094 3572 alterum
1110 3508 1230 3590 saepius
1241 3507 1374 3572 alterius

196 3650 376 3713 occupasse
400 3629 532 3695 locum?
558 3629 613 3693 Sic
640 3634 767 3722 Equitt.
787 3648 843 3709 373
859 3650 920 3712 pro
936 3635 1098 3710 παρατιλῶ
1115 3651 1231 3694 omnes
1243 3630 1374 3696 codices

195 3760 316 3836 praeter
340 3753 370 3816 R
392 3753 516 3817 habent
539 3757 700 3835 asperam
724 3753 771 3818 sic
793 3758 899 3831 vesp.
921 3772 991 3833 ²15²

443 3911 525 3988 ἀλλ’,
551 3904 572 3974 ὦ
596 3911 710 3993 πονήρ’,
734 3909 853 3990 ἥξουσιν
876 3909 977 3989 aalma
1001 3907 1120 3991 ὕστερον

443 4032 468 4096 oi
490 4031 689 4098 συνδικασταὶ
714 4038 966 4116 παρακαλοῦντες
988 4032 1105 4098 τουτονὶ

444 4155 496 4219 τὸν
520 4154 642 4239 πατέρα
667 4195 705 4205 -

195 4298 230 4361 in
254 4294 287 4360 V
310 4316 371 4380 pro
395 4298 647 4376 repausandum
670 4304 720 4361 est
743 4299 992 4377 περικαλοῦντεςς
1019 4296 1111 4378 quod
1134 4295 1248 4359 vitium
1275 4296 1374 4361 etiam

196 4421 231 4484 in
254 4418 402 4483 scholion
427 4420 444 4494 ἡ
469 4416 537 4499 περὶ
559 4418 629 4483 ἀντὶ
653 4421 706 4484 τοῦ
729 4417 765 4495 ἐξ
788 4419 988 4503 penetravit;
1013 4439 1089 4482 nam
1104 4419 1161 4482 vix
1177 4426 1286 4502 potest
1302 4437 1373 4482 esse

230 4625 252 4691 ¹)
270 4625 323 4676 Hic
340 4624 446 4677 omnino
464 4623 620 4676 conferenda
637 4631 695 4675 sunt
711 4639 767 4690 quae
784 4624 913 4690 congessit
929 4623 1040 4674 Cobetus
1056 4625 1088 4674 V.
1106 4621 1146 4673 L¹.
1163 4638 1188 4688 p.
1207 4633 1257 4689 270
1272 4639 1327 4690 sqq.
