3444 5396
848 507 912 570 104

289 681 348 745 sed
390 678 494 744 multa
531 686 606 742 sunt
639 698 714 762 quae
747 697 950 763 quamquam
984 678 1117 742 minoris
1151 677 1321 754 momenti,
1356 685 1466 742 tamen

286 803 375 868 haud
399 801 608 887 neglegenda
631 809 716 866 sunt.

331 925 387 992 Sic
410 923 571 1010 particula
593 919 631 988 ἄν
653 924 687 988 in
712 923 828 988 codiee
851 923 883 986 R
904 923 1064 988 omittitur
1088 923 1212 1005 Equitt.
1242 936 1337 1005 1353,
1354 923 1466 988 Nubb.

289 1049 384 1126 1086,
426 1050 520 1130 1385,
554 1047 658 1132 Vesp.
697 1063 774 1128 344,
808 1046 883 1110 Pae.
925 1061 998 1122 120,
1037 1046 1120 1128 1263
1157 1046 1201 1131 (in
1240 1046 1468 1130 correctione),

286 1173 370 1236 Ran.
395 1171 478 1252 8943
514 1171 549 1235 in
584 1168 617 1233 V
652 1168 766 1233 Nubb.
805 1167 900 1244 1086,
940 1181 1034 1250 1395,
1070 1169 1154 1249 1489
1177 1169 1256 1252 (sec.
1281 1167 1467 1254 Cobetum),

284 1293 369 1359 Plut.
396 1294 477 1375 5833
502 1293 536 1356 in
559 1291 631 1358 aliis
655 1290 752 1370 alibi;
777 1310 885 1374 neque
908 1311 982 1356 earn
1007 1291 1065 1355 ubi
1088 1311 1173 1374 opus
1196 1311 1270 1355 esse
1284 1292 1392 1356 visum
1407 1302 1469 1371 est,

286 1417 408 1482 addere
431 1415 623 1480 dubitarunt
646 1413 705 1477 viri
730 1413 830 1490 docti,
854 1434 884 1478 e.
908 1434 941 1496 g.
958 1412 1046 1478 Ανν.
1068 1427 1143 1495 520,
1160 1411 1244 1478 Plut.
1261 1412 1338 1494 946.
1367 1401 1468 1496 Quod

287 1538 446 1604 memoria
471 1536 653 1602 tenendum
675 1543 736 1612 est,
761 1534 818 1599 ubi
842 1535 970 1618 agimus
993 1535 1036 1600 de
1061 1539 1188 1616 Equitt.
1208 1541 1291 1614 989:

555 1688 636 1773 Φιισὶ
661 1688 721 1772 γὰρ
744 1689 836 1756 αὐτὸν
859 1689 885 1755 oi

600 1811 714 1887 παῖδες
736 1804 763 1876 ol
785 1810 979 1893 conspuistis,

600 1934 656 2010 τὴν
680 1933 810 2017 Δωριστὶ
834 1933 927 2013 μθνιιν
950 1931 987 2000 tv
1010 1934 1060 2017 ιὶρ·

601 2053 772 2135 μθττεσθιιι
796 2053 883 2136 θιθμιι
905 2056 962 2132 τὴν
985 2055 1088 2138 tripos,

603 2173 703 2253 ἄλλην
727 2176 755 2243 δ’
780 2178 831 2242 οὐκ
854 2176 962 2243 ἐθέλειν
985 2178 1092 2256 μιιθεῑν
1105 2179 1135 2264 ¹).

334 2316 389 2384 Sic
421 2318 510 2383 enim
535 2319 661 2401 optime
683 2318 717 2380 in
740 2317 767 2379 B
790 2316 880 2382 etin
903 2316 1047 2382 editione
1071 2316 1196 2383 Aldina
1216 2318 1375 2383 traditum
1399 2328 1470 2396 est;

289 2442 342 2506 hic
365 2449 475 2505 autem
498 2436 536 2504 θιν
558 2440 738 2524 respondet
760 2440 863 2505 verbo
879 2437 987 2504 ἐθέλειν
1001 2440 1035 2504 in
1050 2440 1274 2524 sequentibus.
1299 2441 1338 2505 In
1353 2441 1471 2506 ceteris

290 2564 459 2629 codicibus
492 2563 654 2648 particula
686 2565 808 2628 omissa
837 2571 905 2643 est;
931 2566 1019 2629 unde
1041 2565 1074 2629 X
1096 2564 1198 2631 habet
1220 2561 1469 2672 e'uuppdresoiau,

289 2688 381 2772 quod
411 2708 430 2753 e
453 2687 642 2752 coniectura
665 2708 687 2751 a
710 2685 885 2751 Dindorfio
908 2687 1100 2770 rescriptum
1124 2695 1159 2752 et
1182 2688 1313 2752 Kockio
1335 2708 1470 2771 quoque

288 2811 476 2896 probatum,
503 2809 631 2874 nonnisi
645 2810 739 2874 metri
751 2829 851 2873 causa
862 2810 1086 2892 excogitatum
1099 2819 1158 2874 est.
1185 2808 1251 2874 Μὶν
1263 2807 1471 2893 ἁρμόττεσθαι

290 2932 430 2997 coniecit
455 2931 659 3015 Bernhardy,
682 2951 781 3015 quem
805 2939 985 3014 sequuntur
1008 2931 1212 2996 Ribbeekius
1235 2941 1270 2996 et
1283 2931 1471 3009 Velsenius,

291 3075 407 3138 parum
431 3053 562 3117 favente
587 3053 764 3118 verborum
786 3053 910 3118 ordine.

294 3207 298 3216 ·
336 3175 472 3241 Addam
505 3175 615 3241 locum
648 3177 703 3241 ubi
738 3178 895 3242 omissum
929 3173 967 3241 θιν
998 3196 1085 3241 verae
1108 3176 1241 3243 lectioni
1264 3178 1473 3242 inveniendae

292 3299 446 3364 inservire
479 3307 600 3384 potest.
649 3305 738 3364 Ran.
758 3305 822 3380 946
857 3301 946 3364 enim
978 3299 1023 3363 sic
1057 3299 1110 3363 edi
1143 3298 1243 3365 solet:

405 3460 479 3525 ἀλλ’
505 3459 608 3538 οὑξιὼν
631 3460 792 3543 πρώτιστα
813 3459 871 3540 μέν
894 3484 946 3540 μοι
968 3461 1003 3527 τὸ
1026 3443 1112 3538 γένος
1133 3455 1197 3528 εἶπ’
1219 3460 1256 3528 θιν
1279 3461 1362 3536 εὐθὺς

407 3594 459 3656 τοῦ
483 3590 650 3673 δρθμιιτις.

341 3747 379 3811 In
415 3747 534 3830 quibus
557 3747 705 3813 versibus
729 3759 834 3814 metro
858 3748 936 3814 nihil
959 3750 1062 3828 deest,
1086 3770 1195 3835 neque
1218 3753 1381 3816 sententia
1402 3772 1474 3835 per-

298 3890 421 3954 magno
450 3871 579 3936 laborat
611 3873 701 3936 vitio.
748 3871 908 3938 Attamen
932 3873 1012 3958 quid
1035 3873 1097 3937 sibi
1119 3872 1190 3937 vult
1211 3873 1371 3956 particula
1393 3871 1474 3952 piu?

299 3990 360 4056 Cui
397 3990 485 4056 nulla
519 3994 552 4056 in
582 3995 620 4057 iis
652 4014 726 4077 quae
749 4003 930 4078 sequuntur
952 3997 1138 4079 respondet.
1184 3996 1371 4060 Deteriores
1395 4017 1476 4060 vero

302 4113 434 4179 codices
458 4113 605 4198 plerique
629 4116 795 4199 praebent:

410 4251 484 4316 ἀλλ’
509 4249 610 4329 οὑξιὼν
635 4253 793 4334 oporam
816 4254 873 4333 μέν
896 4278 948 4335 μοι
970 4256 1005 4322 τὸ
1030 4254 1116 4333 γένος
1141 4250 1224 4321 εἶπεν
1246 4252 1340 4330 εὐθύς,

332 4444 352 4510 1)
368 4445 454 4496 Facile
471 4453 509 4496 est
526 4446 559 4496 ed
575 4447 728 4498 credendum
745 4448 833 4510 μαθεῖν
850 4467 880 4500 ex
897 4465 970 4500 versu
987 4461 1035 4516 995
1055 4451 1184 4515 irrepsisse
1201 4459 1225 4502 et
1240 4466 1329 4501 vuum
1342 4468 1396 4503 esse
1407 4452 1479 4519 quod

297 4529 375 4579 habet
391 4526 482 4579 Suidas
501 4529 517 4578 i.
535 4545 560 4580 v.
578 4529 699 4591 Δωριστθι
717 4533 807 4594 λαβεῖν
823 4559 857 4571 --
874 4534 908 4585 ci.
924 4534 1027 4599 Biinger
1044 4534 1077 4583 de
1091 4534 1136 4585 Ar.
1148 4535 1243 4602 Equitt.
1255 4533 1363 4598 Lysistr.
1375 4534 1479 4586 Thesm.

300 4610 369 4676 apud
386 4609 458 4662 Suid.
475 4610 588 4678 reliquiis
605 4627 629 4678 p.
648 4612 689 4664 2⁶.
