3444 5396
769 535 807 600 61

243 724 371 809 Aptum
409 745 540 808 quoque
573 723 763 808 ,exemplum
799 729 958 804 Equitum
986 743 1114 789 versus
1141 742 1188 803 117
1229 722 1379 806 praebere

198 855 319 929 potest,
342 847 398 911 ubi
422 847 663 912 Demosthenes
688 848 827 925 Niciam,
851 848 906 929 qui
930 846 1134 930 Paphlagoni
1150 847 1250 910 modo
1267 865 1379 910 oracu-

198 968 267 1034 lum
290 970 453 1054 surripuit,
477 969 654 1063 alloquitur
676 969 803 1035 verbis:
828 963 848 1032 ύ
872 967 1057 1050 σοφύτατες
1072 967 1162 1031 -In
1178 966 1309 1032 scholiis
1324 966 1379 1029 hic

198 1089 318 1175 legitur
340 1089 394 1156 καὶ
417 1089 489 1166 τοὺς
512 1074 656 1164 κλέπτας
679 1090 794 1173 σοφούς
809 1088 915 1168 taem
931 1090 983 1176 (cs.
1001 1090 1091 1154 Suid.
1110 1086 1288 1175 σοφώτατε]
1308 1086 1377 1152 ύντὶ

200 1216 253 1277 τοῦ
276 1207 297 1277 ὦ
321 1213 545 1279 κλεπτίστατε.
570 1213 624 1279 καὶ
648 1213 719 1286 τοὺς
735 1213 879 1286 κλέπταις
895 1212 955 1294 γὰρ
980 1211 1096 1294 σοφούς
1112 1210 1227 1296 ἔλεγον)
1244 1211 1379 1275 —hinc

198 1335 232 1398 in
255 1337 370 1401 codice
394 1337 429 1401 M
452 1337 588 1421 legitur:
614 1331 635 1400 ὦ
659 1337 827 1418 σοφώτατε
849 1335 987 1401 κλέπτα.

244 1459 358 1522 Latius
381 1458 446 1523 iarn
470 1460 587 1543 se‘rpsit
610 1445 732 1524 malum
755 1465 882 1537 Equitt.
901 1479 968 1540 433,
987 1459 1041 1523 ubi
1072 1457 1195 1523 locutio
1219 1479 1297 1523 vere
1321 1457 1380 1522 At-

200 1581 265 1644 tica
291 1576 396 1644 κλύειν
418 1604 453 1644 σε
476 1579 583 1661 ριακρύι
606 1578 757 1655 κελεύσας
779 1581 813 1645 in
837 1582 867 1644 R
890 1580 988 1645 cessit
1021 1579 1194 1664 vulgatiori
1217 1577 1322 1644 κλύειν
1346 1603 1379 1644 σε

204 1699 312 1765 πολλοὶ
339 1700 505 1779 κελεύσας
522 1702 581 1798 ΔνρΙ
603 1709 731 1781 Equitt.
756 1724 840 1784 1304,
860 1702 916 1766 ubi
941 1723 1001 1786 pro
1025 1699 1178 1782 μοχύκρύυ
1208 1709 1312 1766 metro
1336 1702 1381 1764 in·

200 1825 269 1888 vito
301 1822 420 1909 legitur
449 1823 572 1906 πονὴρύυ
605 1827 638 1889 in
670 1825 823 1891 omnibus
855 1826 1024 1890 codicibus
1056 1834 1174 1910 praeter
1208 1825 1274 1888 VX
1300 1824 1379 1889 Ald.

200 1945 334 2010 Prorsus
358 1947 477 2012 eodem
502 1949 603 2012 modo
628 1955 755 2028 Equitt.
775 1969 854 2028 902:

291 2217 297 2234 „
359 2133 443 2201 οἵοισί
465 2145 509 2215 ρι’,
534 2131 555 2200 ὦ
580 2140 743 2217 πανοῦργε,
768 2133 1055 2217 βωμολοχεύμασιν
1079 2132 1255 2216 ταρύττεις,

202 2314 235 2377 in
258 2335 324 2398 quo
348 2335 444 2379 versu
468 2315 546 2379 nihil
567 2317 673 2400 aptius
689 2337 789 2398 quarn
806 2318 968 2395 πανοῦργε,
988 2312 1156 2392 ‚,dolose’',
1171 2315 1205 2377 in
1222 2315 1253 2379 V
1268 2323 1380 2378 tamen

202 2444 236 2499 et
264 2434 426 2520 plerisque
456 2439 527 2502 aliis
559 2439 726 2504 codicibus
759 2446 850 2502 extat
883 2435 997 2517 πόνηρε.
1043 2437 1114 2502 Nec
1139 2437 1245 2501 minus
1267 2445 1381 2520 aptum

202 2558 390 2643 exemplum
425 2569 475 2625 est
508 2564 613 2627 Nubb.
639 2580 711 2640 979,
748 2559 805 2623 ubi
838 2557 1045 2640 κερασάμενος
1075 2580 1135 2643 pro
1164 2556 1381 2639 Φυρασύριενος

202 2680 304 2745 habet
333 2682 376 2757 V,
412 2681 464 2745 vel
496 2688 584 2746 Plut.
603 2701 666 2762 514,
697 2683 753 2747 ubi
787 2702 848 2764 pro
881 2680 1089 2761 σκυλοδεψεῖν,
1120 2683 1212 2763 quod
1243 2682 1382 2745 restituit

203 2802 381 2879 Bentleius‚
417 2804 450 2867 in
484 2803 616 2868 Veneto
651 2812 685 2867 et
718 2801 828 2866 multis
863 2803 932 2867 aliis
964 2803 1081 2887 legitur
1113 2801 1321 2883 βυρσοδεψεῖν,
1349 2803 1382 2866 in

203 2922 396 2989 Rauennate
431 2933 465 2988 et
498 2924 662 3008 plerisque
697 2923 768 2988 aliis
808 2923 1017 3005 σκυτοδεψεῖν,
1056 2935 1162 2991 metro
1198 2927 1310 3002 invito,
1346 2932 1382 2988 ut

203 3045 257 3110 vel
291 3047 397 3130 ipsum
432 3067 545 3111 versus
576 3047 703 3111 initium
735 3047 955 3131 (σκυτοτομεῖν)
988 3048 1109 3113 docere
1140 3057 1251 3131 potest
1267 3047 1298 3132 ¹),
1326 3045 1378 3112 vel

202 3173 308 3237 Nubb.
326 3190 393 3250 324,
419 3169 475 3253 qui
499 3189 612 3234 versus
636 3189 722 3233 nunc
746 3189 789 3233 ex
812 3168 948 3233 Elmslei
975 3169 1162 3234 coniectura
1185 3170 1231 3233 sic
1258 3169 1380 3234 editur:

843 3329 899 3408 ἡδὴ
923 3330 983 3413 γαρ
1007 3332 1058 3413 ὁρῶ
1082 3331 1249 3405 κατιούσας

338 3437 443 3520 ἡσυχὴ
466 3435 575 3514 αὐτούς,

205 3593 238 3656 in
269 3593 333 3658 RV
364 3602 474 3657 autem
505 3602 540 3657 et
571 3592 736 3677 plerisque
768 3590 839 3656 aliis
868 3592 1025 3657 traditum
1056 3601 1108 3656 est
1131 3590 1266 3674 ἡσύχως,
1290 3593 1381 3657 cuius

204 3713 354 3780 lectionis
386 3716 546 3800 originem
569 3715 675 3799 aperit
697 3713 809 3798 glossa
832 3711 956 3795 ἡσύχως
978 3715 1010 3778 in
1035 3714 1188 3779 Brunckii
1215 3716 1329 3780 codice
1349 3715 1380 3800 ²).

204 3907 273 3958 culas
298 3923 354 3973 quae
381 3914 490 3973 praesunt
515 3907 675 3972 deversoriis‚
700 3922 763 3972 quas
787 3905 937 3970 diligentius
953 3905 1067 3972 profecto
1085 3921 1161 3972 quam
1178 3906 1260 3971 ipsam
1277 3905 1382 3956 domum

204 3991 367 4056 adspecturus
385 3992 434 4042 est!
469 3990 580 4040 Minime
597 3989 666 4040 facio
683 4006 741 4040 cum
758 3990 892 4040 Meinekio
910 3989 1072 4040 contendenti
1089 3989 1175 4054 (Vind.
1192 3990 1269 4040 Arist.
1286 4006 1312 4055 p.
1325 3991 1382 4054 163)

205 4074 402 4141 „coniungenda
429 4089 484 4124 esse
511 4072 611 4131 διαίτας
627 4070 832 4140 πανδοκευτρίας,
849 4081 876 4123 ut
893 4071 1083 4136 πανδοκεύτριαν
1100 4072 1217 4124 adiectivi
1234 4080 1382 4138 potestatem

204 4157 322 4210 habeat.''

237 4239 258 4302 1)
275 4241 372 4291 Eadem
396 4241 495 4292 ratione
516 4241 646 4292 Bentleius
664 4239 808 4292 emendavit
825 4241 889 4290 Αυυ.
907 4253 968 4308 490,
985 4240 1029 4290 nbi
1046 4237 1204 4300 σκυτοδεψοί
1215 4239 1310 4289 habeut
1326 4240 1383 4307 VR,

204 4322 358 4384 σκυπύδεὴιοι
374 4331 401 4382 Γ,
418 4322 575 4384 σκυτοδύψιιι
592 4326 622 4374 Β.

237 4406 344 4469 nolim
369 4407 491 4458 edebatur
516 4408 545 4456 id
570 4407 639 4474 quod
656 4407 751 4458 habeut
768 4407 904 4459 deteriores
920 4406 1021 4457 codices
1037 4406 1217 4468 multificum
1233 4404 1341 4464 ταύτας,
1355 4407 1383 4456 in

206 4503 257 4552 qua
272 4489 383 4538 lectione
399 4486 501 4546 ταύτας
518 4503 533 4538 e
550 4487 694 4538 coniectura
711 4488 860 4554 rescriptum
877 4493 921 4555 est,
938 4494 1072 4552 postquam
1081 4484 1169 4550 ἡσύχρ
1177 4488 1205 4536 in
1213 4484 1304 4549 ἡσύχα
1312 4487 1382 4537 abiit.

146 4613 148 4618 .
239 4571 362 4622 Similiter
386 4573 455 4636 Vesp.
476 4584 524 4636 190
537 4569 560 4620 εἷ
576 4568 612 4633 ριὴ
629 4572 657 4632 μ’
675 4568 757 4621 ἰύσεύ
775 4571 873 4633 ἡσυχον
881 4569 1036 4633 μαχούμεθα
1045 4569 1183 4635 Berginium
1192 4577 1217 4620 et
1225 4569 1382 4621 Meinekium

208 4669 261 4704 uon
287 4661 353 4705 recte
371 4656 495 4721 recepisse
512 4670 604 4706 censeo
621 4654 756 4706 lectionem
772 4653 928 4706 Ravennatis
944 4660 969 4705 et
984 4655 1075 4704 Veneti
1092 4651 1197 4716 ἡσύχως
1213 4670 1260 4720 pro
1277 4653 1382 4717 ἡσυχον.
