3434 5394
782 509 822 576 ²5

212 685 383 749 codicibus
394 685 473 749 satis
486 684 668 767 frequentia
679 692 755 748 sunt
763 719 806 734 -
815 685 975 767 recipiens
986 684 1142 749 Meinekii
1150 684 1389 749 coniecturam:

207 811 266 870 τῶν
299 810 354 871 τοῦ
389 806 461 881 Διὸς
494 805 543 870 τίν
573 802 656 886 tnta·
688 802 809 886 ίίριστον
842 800 916 871 εἶναι
952 805 1051 888 (idem
1074 805 1183 890 placet
1213 806 1390 887 Blaydesio

208 929 241 991 in
263 929 454 1013 addendis);
479 929 596 994 misere
620 928 708 992 enirn
730 927 784 991 hic
807 927 943 1012 languet
966 922 1051 1004 εἶναι,
1075 929 1164 1011 quod
1181 929 1208 992 si
1224 928 1258 992 in
1275 928 1393 992 codice

206 1049 316 1128 aliquo
350 1050 525 1135 legeretur,
561 1052 604 1114 ad
634 1049 724 1114 aliud
754 1069 862 1133 genus
892 1049 1127 1133 glossematum
1152 1049 1320 1125 referrem,
1344 1051 1389 1113 de

206 1191 273 1254 quo
298 1171 407 1236 dicam
430 1173 464 1236 in
487 1172 596 1256 capite
619 1173 743 1255 quinto.

251 1413 331 1479 Alia
354 1412 519 1495 ἐλλείψεων
543 1415 653 1498 inepte
676 1414 903 1497 suppletarum
926 1414 1079 1496 exempla
1102 1424 1178 1478 suut
1201 1414 1302 1478 haec:

251 1575 379 1650 Equitt.
399 1577 482 1650 669:

385 1726 400 1788 ὅ
424 1722 451 1788 δ’
476 1721 636 1801 ἠντεβόλει
658 1725 690 1801 γ’
715 1721 828 1797 αιἰτοὺρ
852 1721 953 1800 ὀλίγον
976 1729 1079 1800 μεῖναι
1102 1720 1218 1804 χρόνον,

388 1839 424 1910 ἵν’
446 1839 515 1909 ἅτθ’
540 1844 554 1909 ί
577 1842 674 1925 κήρνξ
699 1843 752 1909 οὑκ
772 1843 1004 1922 Λακεδαίμονος
1027 1843 1112 1920 λέγει

386 1963 521 2042 πύθησθ’·
544 1966 681 2048 οὶφίνιται
704 1964 766 2047 γὰρ
789 1965 857 2048 περὶ
882 1966 1019 2031 σπονδῶν
1042 1964 1147 2030 ποίλιν.

207 2137 264 2204 Sic
298 2139 400 2204 hodie
422 2139 541 2222 legitur
563 2139 598 2203 in
622 2140 821 2204 editionibus
846 2137 1001 2212 Velsenii‚
1025 2137 1204 2220 Blaydesii,
1236 2137 1391 2213 Zacheri;

205 2263 239 2325 in
269 2261 320 2325 his
352 2271 462 2326 autem
496 2257 601 2336 ποίλιν,
625 2264 713 2344 quod
735 2262 770 2324 in
792 2261 956 2344 plerisque
980 2261 1149 2324 codicibus
1178 2258 1391 2344 praecedenti

206 2385 315 2448 versui
339 2384 480 2458 additur,
504 2403 524 2448 a
547 2383 694 2448 Porsono
718 2404 736 2447 e
759 2384 947 2447 coniectura
970 2383 1153 2447 restitutum
1177 2391 1238 2458 est,
1258 2382 1392 2446 codices

205 2524 286 2568 vero
317 2513 351 2568 et
381 2513 500 2568 ceterae
530 2505 692 2569 editiones
722 2505 847 2570 habent
878 2502 987 2580 λέγων,
1019 2505 1120 2587 quod,
1149 2513 1225 2588 post
1249 2502 1334 2580 λέγει
1355 2504 1389 2566 in

206 2645 303 2689 versu
333 2627 544 2709 praecedenti
576 2647 676 2709 quam
708 2627 851 2691 maxime
883 2627 1056 2702 absonum,
1089 2627 1257 2708 quomodo
1282 2634 1390 2690 ortum

210 2747 254 2810 sit
276 2747 375 2812 docet
397 2746 545 2812 lectionis
568 2749 710 2812 varietas
733 2753 860 2828 Equitt.
879 2768 960 2829 1351:

339 2901 392 2966 καί
416 2903 449 2977 vir
475 2901 534 2966 Δί’
560 2899 588 2966 εί
606 2925 645 2980 γε
657 2903 678 2987 ¹)
703 2900 756 2967 δύο
779 2901 922 2980 λεγοίτην
945 2901 1056 2984 ρἰίτορε,

341 3027 355 3089 ο“
380 3023 437 3102 μὲν
461 3025 607 3089 ποιεῖσθαι
631 3028 705 3099 ναῦς
728 3021 895 3106 boarded
920 3022 947 3088 δ’
972 3019 1071 3105 ἕτερος
1094 3017 1134 3088 αὗ

341 3146 648 3228 καταμισθοφορῆσαι
671 3148 751 3212 τοῦθ’
760 3147 792 3231 ¹),
815 3147 829 3211 ί
852 3146 904 3211 τὸν
927 3145 1031 3224 μισθὸν
1054 3145 1153 3222 λέγων
1171 3146 1247 3220 xri„

211 3302 269 3366 ubi
292 3323 353 3386 pro
376 3299 501 3383 αανιροίς
524 3303 656 3367 codices
679 3312 809 3386 praeter
832 3309 944 3366 ΛΓΔΘ
965 3302 1086 3383 Med.5
1112 3302 1238 3367 habent
1261 3299 1369 3379 λέγων.

253 3463 359 3524 Nubb.
377 3479 430 3538 23:

432 3607 485 3669 τοῦ
510 3602 629 3668 δώδεκα
652 3605 735 3681 ρανοῖς
757 3602 881 3688 Πασίας
903 3602 938 3668 τί
960 3601 1159 3684 ἔχρνσοίριιρνς

433 3722 478 3791 ὅτ’
506 3723 657 3807 ἐπριάμην
681 3726 733 3791 τὸν
758 3725 949 3792 κοππατίαν.

241 3938 305 4000 1)νι“ι
331 3938 381 3988 Δία
406 3937 434 3998 γ’
461 3936 484 3986 εί
499 3937 600 3987 codices
625 3944 715 4002 praeter
739 3937 771 4003 V,
797 3936 841 4003 qui
858 3936 936 3985 habet
952 3935 979 3993 νῆ
997 3936 1043 3985 Δί’
1061 3935 1084 3984 εί
1100 3963 1135 3974 —-
1151 3952 1237 3986 veram
1253 3937 1388 3987 lectionem

207 4021 313 4072 restituit
329 4022 444 4088 Porson3
462 4020 495 4070 cf.
513 4021 640 4070 Fritzsche
657 4021 691 4070 ad
707 4021 774 4070 Rnn.
792 4029 825 4082 70
841 4025 875 4085 (p.
894 4022 946 4084 30).

240 4104 422 4166 qunomen
447 4103 515 4153 τοῦθ’
540 4103 610 4168 quod
635 4103 678 4153 hic
704 4118 735 4151 ex
760 4103 892 4153 codicibus
917 4103 964 4152 AB
990 4103 1123 4153 ediderunt
1149 4103 1241 4170 Bergk,
1267 4103 1388 4165 Dindorf,

208 4186 326 4253 Blaydes,
352 4187 456 4253 lachen,
482 4187 602 4253 quodque
627 4187 700 4254 mihi,
726 4193 753 4236 ut
778 4185 844 4254 aliis,
862 4193 1006 4252 corruptum
1024 4202 1078 4236 esse
1095 4186 1159 4236 olim
1175 4187 1315 4255 videbatur,
1329 4189 1389 4239 coll.

207 4286 244 4319 vs.
263 4280 312 4337 572
339 4269 444 4320 defendi
470 4284 544 4335 posse
569 4285 611 4319 me
637 4278 724 4320 monet
748 4287 773 4322 v.
801 4270 833 4320 cl.
860 4286 911 4320 van
936 4270 1072 4320 Leeuwen.
1107 4268 1185 4320 'rard'
1211 4270 1285 4321 δτόν
1303 4271 1388 4334 μισίον

207 4353 292 4415 λέγειν
309 4353 380 4404 dedit
397 4351 489 4412 Kock;
506 4353 640 4417 requiritur
656 4360 741 4403 umen
759 4349 838 4410 οὗτος,
855 4369 910 4402 non
927 4351 977 4411 tte,
994 4353 1014 4402 si
1032 4353 1095 4418 quid
1111 4354 1188 4417 igitur
1207 4362 1272 4405 esset
1289 4363 1388 4406 mutan·

207 4435 277 4502 dum,
302 4436 463 4501 probandum
487 4435 573 4500 potius
599 4443 663 4486 esset
688 4437 758 4501 quod
783 4452 814 4486 ex
837 4436 942 4486 Elmslei
959 4436 1105 4487 coniectura
1121 4437 1245 4488 dederunt
1261 4438 1389 4506 Meineke‚

207 4518 332 4583 Ribbeck,
349 4534 402 4568 von
418 4518 512 4568 Velsen
524 4517 759 4581 καταμισίοφσρεῖν,
771 4518 870 4569 τοίτοιν
879 4517 934 4569 ντί.
952 4519 1064 4570 Venetus
1072 4520 1149 4571 habet
1157 4523 1248 4570 τοῦτον
1259 4521 1298 4570 ie.
1308 4523 1388 4571 vote*

207 4603 308 4669 (τοῦτ’),
323 4603 460 4654 Ravennns
477 4606 574 4654 τιν’τιιν
592 4603 657 4667 (sic).
