<?xml version="1.0" encoding="UTF-8"?>
<!DOCTYPE html PUBLIC "-//W3C//DTD XHTML 1.0 Transitional//EN"
    "http://www.w3.org/TR/xhtml1/DTD/xhtml1-transitional.dtd">
<html xmlns="http://www.w3.org/1999/xhtml" xml:lang="en" lang="en">
 <head>
  <title>
</title>
<meta http-equiv="Content-Type" content="text/html;charset=utf-8" />
  <meta name='ocr-system' content='tesseract 3.04.00' />
  <meta name='ocr-capabilities' content='ocr_page ocr_carea ocr_par ocr_line ocrx_word'/>
</head>
<body>
  <div class='ocr_page' id='page_1' title='image "./devitiisquibusd00ijzegoog_0077.png"; bbox 0 0 3444 5396; ppageno 0'>
   <div class='ocr_carea' id='block_1_1' title="bbox 732 1609 1096 1670">
    <p class='ocr_par' dir='ltr' id='par_1_1' title="bbox 732 1609 1096 1670">
     <span class='ocr_line' id='line_1_1' title="bbox 732 1609 1096 1670; baseline 0 -2"><span class='ocrx_word' id='word_1_1' title='bbox 732 1609 880 1669; x_wconf 83' lang='lat' dir='ltr'>CAPUT</span> <span class='ocrx_word' id='word_1_2' title='bbox 899 1609 1096 1670; x_wconf 64' lang='lat' dir='ltr'><strong>sextum.</strong></span> 
     </span>
    </p>
   </div>
   <div class='ocr_carea' id='block_1_2' title="bbox 397 1813 1426 1888">
    <p class='ocr_par' dir='ltr' id='par_1_2' title="bbox 397 1813 1426 1888">
     <span class='ocr_line' id='line_1_2' title="bbox 397 1813 1426 1888; baseline 0.005 -16"><span class='ocrx_word' id='word_1_3' title='bbox 397 1813 446 1874; x_wconf 86' lang='lat' dir='ltr'><strong>De</strong></span> <span class='ocrx_word' id='word_1_4' title='bbox 464 1814 644 1875; x_wconf 84' lang='lat' dir='ltr'><strong>vocabulis</strong></span> <span class='ocrx_word' id='word_1_5' title='bbox 663 1814 904 1875; x_wconf 79' lang='lat' dir='ltr'><strong>usitatioribus</strong></span> <span class='ocrx_word' id='word_1_6' title='bbox 922 1829 987 1888; x_wconf 88' lang='lat' dir='ltr'><strong>pro</strong></span> <span class='ocrx_word' id='word_1_7' title='bbox 1005 1814 1195 1876; x_wconf 83' lang='lat' dir='ltr'><strong>rarioribus</strong></span> <span class='ocrx_word' id='word_1_8' title='bbox 1214 1817 1426 1878; x_wconf 82' lang='lat' dir='ltr'><strong>substitutis.</strong></span> 
     </span>
    </p>
   </div>
   <div class='ocr_carea' id='block_1_3' title="bbox 816 2038 1013 2050">
    <p class='ocr_par' dir='ltr' id='par_1_3' title="bbox 816 2038 1013 2050">
     <span class='ocr_line' id='line_1_3' title="bbox 816 2038 1013 2050; baseline 0.01 -2"><span class='ocrx_word' id='word_1_9' title='bbox 816 2038 1013 2050; x_wconf 71' lang='lat' dir='ltr'>—u—-—</span> 
     </span>
    </p>
   </div>
   <div class='ocr_carea' id='block_1_4' title="bbox 794 2217 1468 2282">
    <p class='ocr_par' dir='ltr' id='par_1_4' title="bbox 794 2217 1468 2282">
     <span class='ocr_line' id='line_1_4' title="bbox 794 2217 1468 2282; baseline 0.006 -16"><span class='ocrx_word' id='word_1_10' title='bbox 794 2218 840 2282; x_wconf 86' lang='lat' dir='ltr'><strong>„ln</strong></span> <span class='ocrx_word' id='word_1_11' title='bbox 858 2233 925 2268; x_wconf 88' lang='lat' dir='ltr'><strong>nova</strong></span> <span class='ocrx_word' id='word_1_12' title='bbox 942 2217 989 2268; x_wconf 82' lang='lat' dir='ltr'><strong>fert</strong></span> <span class='ocrx_word' id='word_1_13' title='bbox 1006 2219 1106 2270; x_wconf 84' lang='lat' dir='ltr'><strong>animus</strong></span> <span class='ocrx_word' id='word_1_14' title='bbox 1123 2226 1229 2270; x_wconf 84' lang='lat' dir='ltr'><strong>mutatas</strong></span> <span class='ocrx_word' id='word_1_15' title='bbox 1246 2217 1330 2269; x_wconf 87' lang='lat' dir='ltr'><strong>dicere</strong></span> <span class='ocrx_word' id='word_1_16' title='bbox 1347 2219 1468 2270; x_wconf 83' lang='lat' dir='ltr'><strong>formas.’&#39;</strong></span> 
     </span>
    </p>
   </div>
   <div class='ocr_carea' id='block_1_5' title="bbox 326 2384 1504 3948">
    <p class='ocr_par' dir='ltr' id='par_1_5' title="bbox 326 2384 1504 3324">
     <span class='ocr_line' id='line_1_5' title="bbox 372 2384 1502 2472; baseline 0.005 -24"><span class='ocrx_word' id='word_1_17' title='bbox 372 2385 424 2450; x_wconf 91' lang='lat' dir='ltr'><strong>De</strong></span> <span class='ocrx_word' id='word_1_18' title='bbox 447 2384 560 2449; x_wconf 90' lang='lat' dir='ltr'><strong>ultimo</strong></span> <span class='ocrx_word' id='word_1_19' title='bbox 582 2405 704 2470; x_wconf 87' lang='lat' dir='ltr'><strong>genere</strong></span> <span class='ocrx_word' id='word_1_20' title='bbox 727 2384 965 2470; x_wconf 84' lang='lat' dir='ltr'><strong>glossematum</strong></span> <span class='ocrx_word' id='word_1_21' title='bbox 989 2385 1068 2450; x_wconf 89' lang='lat' dir='ltr'><strong>mihi</strong></span> <span class='ocrx_word' id='word_1_22' title='bbox 1091 2407 1179 2451; x_wconf 91' lang='lat' dir='ltr'><strong>nunc</strong></span> <span class='ocrx_word' id='word_1_23' title='bbox 1199 2387 1367 2472; x_wconf 87' lang='lat' dir='ltr'><strong>agendum</strong></span> <span class='ocrx_word' id='word_1_24' title='bbox 1381 2396 1502 2467; x_wconf 89' lang='lat' dir='ltr'><strong>restat;</strong></span> 
     </span>
     <span class='ocr_line' id='line_1_6' title="bbox 328 2507 1502 2594; baseline 0.003 -24"><span class='ocrx_word' id='word_1_25' title='bbox 328 2507 417 2588; x_wconf 91' lang='lat' dir='ltr'><strong>quod</strong></span> <span class='ocrx_word' id='word_1_26' title='bbox 449 2528 489 2572; x_wconf 91' lang='lat' dir='ltr'><strong>ea</strong></span> <span class='ocrx_word' id='word_1_27' title='bbox 518 2509 666 2572; x_wconf 90' lang='lat' dir='ltr'><strong>continet</strong></span> <span class='ocrx_word' id='word_1_28' title='bbox 688 2507 913 2572; x_wconf 86' lang='lat' dir='ltr'><strong>additamenta</strong></span> <span class='ocrx_word' id='word_1_29' title='bbox 936 2529 1011 2592; x_wconf 88' lang='lat' dir='ltr'><strong>quae</strong></span> <span class='ocrx_word' id='word_1_30' title='bbox 1033 2508 1105 2574; x_wconf 91' lang='lat' dir='ltr'><strong>sola</strong></span> <span class='ocrx_word' id='word_1_31' title='bbox 1127 2508 1348 2588; x_wconf 71' lang='grc' dir='ltr'><em>γνοττήμοοτοο</em></span> <span class='ocrx_word' id='word_1_32' title='bbox 1374 2509 1502 2594; x_wconf 84' lang='lat' dir='ltr'><strong>optimo</strong></span> 
     </span>
     <span class='ocr_line' id='line_1_7' title="bbox 328 2629 1504 2716; baseline 0.004 -25"><span class='ocrx_word' id='word_1_33' title='bbox 328 2629 398 2693; x_wconf 89' lang='lat' dir='ltr'><strong>iure</strong></span> <span class='ocrx_word' id='word_1_34' title='bbox 426 2629 490 2693; x_wconf 92' lang='lat' dir='ltr'><strong>dici</strong></span> <span class='ocrx_word' id='word_1_35' title='bbox 519 2638 665 2713; x_wconf 85' lang='lat' dir='ltr'><strong>possunt.</strong></span> <span class='ocrx_word' id='word_1_36' title='bbox 713 2629 787 2693; x_wconf 91' lang='lat' dir='ltr'><strong>Hoc</strong></span> <span class='ocrx_word' id='word_1_37' title='bbox 817 2630 904 2693; x_wconf 89' lang='lat' dir='ltr'><strong>enim</strong></span> <span class='ocrx_word' id='word_1_38' title='bbox 934 2631 1068 2694; x_wconf 87' lang='lat' dir='ltr'><strong>nomine</strong></span> <span class='ocrx_word' id='word_1_39' title='bbox 1098 2630 1177 2696; x_wconf 92' lang='lat' dir='ltr'><strong>olim</strong></span> <span class='ocrx_word' id='word_1_40' title='bbox 1208 2630 1382 2716; x_wconf 87' lang='lat' dir='ltr'><strong>significari</strong></span> <span class='ocrx_word' id='word_1_41' title='bbox 1405 2630 1504 2696; x_wconf 89' lang='lat' dir='ltr'><strong>solita</strong></span> 
     </span>
     <span class='ocr_line' id='line_1_8' title="bbox 327 2749 1504 2837; baseline 0.003 -24"><span class='ocrx_word' id='word_1_42' title='bbox 327 2749 426 2816; x_wconf 86' lang='lat' dir='ltr'><strong>luisse</strong></span> <span class='ocrx_word' id='word_1_43' title='bbox 461 2750 632 2828; x_wconf 89' lang='lat' dir='ltr'><strong>vocabula,</strong></span> <span class='ocrx_word' id='word_1_44' title='bbox 666 2751 743 2816; x_wconf 89' lang='lat' dir='ltr'><strong>ideo</strong></span> <span class='ocrx_word' id='word_1_45' title='bbox 778 2752 893 2816; x_wconf 88' lang='lat' dir='ltr'><strong>textui</strong></span> <span class='ocrx_word' id='word_1_46' title='bbox 918 2754 1138 2837; x_wconf 88' lang='lat' dir='ltr'><strong>superscripta</strong></span> <span class='ocrx_word' id='word_1_47' title='bbox 1172 2751 1225 2817; x_wconf 91' lang='lat' dir='ltr'><strong>vel</strong></span> <span class='ocrx_word' id='word_1_48' title='bbox 1255 2753 1432 2837; x_wconf 89' lang='lat' dir='ltr'><strong>adscripta,</strong></span> <span class='ocrx_word' id='word_1_49' title='bbox 1466 2762 1504 2817; x_wconf 89' lang='lat' dir='ltr'><strong>ut</strong></span> 
     </span>
     <span class='ocr_line' id='line_1_9' title="bbox 327 2873 1504 2958; baseline 0 -20"><span class='ocrx_word' id='word_1_50' title='bbox 327 2873 429 2938; x_wconf 89' lang='lat' dir='ltr'><strong>verba</strong></span> <span class='ocrx_word' id='word_1_51' title='bbox 458 2874 624 2956; x_wconf 89' lang='lat' dir='ltr'><strong>scriptoris</strong></span> <span class='ocrx_word' id='word_1_52' title='bbox 655 2873 754 2958; x_wconf 89' lang='lat' dir='ltr'><strong>paulo</strong></span> <span class='ocrx_word' id='word_1_53' title='bbox 784 2874 986 2938; x_wconf 88' lang='lat' dir='ltr'><strong>inusitatiora</strong></span> <span class='ocrx_word' id='word_1_54' title='bbox 1017 2874 1229 2956; x_wconf 88' lang='lat' dir='ltr'><strong>explicarent,</strong></span> <span class='ocrx_word' id='word_1_55' title='bbox 1261 2875 1429 2939; x_wconf 89' lang='lat' dir='ltr'><strong>notissima</strong></span> <span class='ocrx_word' id='word_1_56' title='bbox 1452 2884 1504 2938; x_wconf 90' lang='lat' dir='ltr'><strong>est</strong></span> 
     </span>
     <span class='ocr_line' id='line_1_10' title="bbox 326 2993 1501 3079; baseline 0 -21"><span class='ocrx_word' id='word_1_57' title='bbox 326 3015 388 3060; x_wconf 90' lang='lat' dir='ltr'><strong>res.</strong></span> <span class='ocrx_word' id='word_1_58' title='bbox 424 2994 513 3079; x_wconf 82' lang='lat' dir='ltr'><strong>Quid</strong></span> <span class='ocrx_word' id='word_1_59' title='bbox 535 3004 646 3060; x_wconf 91' lang='lat' dir='ltr'><strong>autem</strong></span> <span class='ocrx_word' id='word_1_60' title='bbox 669 2993 795 3060; x_wconf 83' lang='lat' dir='ltr'><strong>facilius</strong></span> <span class='ocrx_word' id='word_1_61' title='bbox 819 2996 967 3059; x_wconf 89' lang='lat' dir='ltr'><strong>accidere</strong></span> <span class='ocrx_word' id='word_1_62' title='bbox 989 3004 1119 3078; x_wconf 88' lang='lat' dir='ltr'><strong>poterat</strong></span> <span class='ocrx_word' id='word_1_63' title='bbox 1141 3015 1240 3078; x_wconf 89' lang='lat' dir='ltr'><strong>quam</strong></span> <span class='ocrx_word' id='word_1_64' title='bbox 1257 3005 1293 3060; x_wconf 92' lang='lat' dir='ltr'><strong>ut</strong></span> <span class='ocrx_word' id='word_1_65' title='bbox 1308 2996 1390 3060; x_wconf 89' lang='lat' dir='ltr'><strong>haec</strong></span> <span class='ocrx_word' id='word_1_66' title='bbox 1406 2997 1501 3061; x_wconf 89' lang='lat' dir='ltr'><strong>inter-</strong></span> 
     </span>
     <span class='ocr_line' id='line_1_11' title="bbox 327 3117 1503 3202; baseline 0.003 -22"><span class='ocrx_word' id='word_1_67' title='bbox 327 3126 533 3202; x_wconf 90' lang='lat' dir='ltr'><strong>pretamenta</strong></span> <span class='ocrx_word' id='word_1_68' title='bbox 568 3119 601 3182; x_wconf 92' lang='lat' dir='ltr'><strong>in</strong></span> <span class='ocrx_word' id='word_1_69' title='bbox 635 3119 743 3201; x_wconf 89' lang='lat' dir='ltr'><strong>ipsum</strong></span> <span class='ocrx_word' id='word_1_70' title='bbox 777 3126 969 3182; x_wconf 89' lang='lat' dir='ltr'><strong>contextum</strong></span> <span class='ocrx_word' id='word_1_71' title='bbox 1002 3138 1038 3182; x_wconf 88' lang='lat' dir='ltr'><strong>se</strong></span> <span class='ocrx_word' id='word_1_72' title='bbox 1072 3117 1283 3193; x_wconf 87' lang='lat' dir='ltr'><strong>insinuarent,</strong></span> <span class='ocrx_word' id='word_1_73' title='bbox 1317 3117 1369 3182; x_wconf 92' lang='lat' dir='ltr'><strong>vel</strong></span> <span class='ocrx_word' id='word_1_74' title='bbox 1403 3120 1503 3184; x_wconf 89' lang='lat' dir='ltr'><strong>etiam</strong></span> 
     </span>
     <span class='ocr_line' id='line_1_12' title="bbox 331 3238 1386 3324; baseline -0.002 -19"><span class='ocrx_word' id='word_1_75' title='bbox 331 3239 538 3318; x_wconf 89' lang='lat' dir='ltr'><strong>vocabulum,</strong></span> <span class='ocrx_word' id='word_1_76' title='bbox 564 3241 656 3305; x_wconf 90' lang='lat' dir='ltr'><strong>cuius</strong></span> <span class='ocrx_word' id='word_1_77' title='bbox 679 3258 780 3304; x_wconf 90' lang='lat' dir='ltr'><strong>causa</strong></span> <span class='ocrx_word' id='word_1_78' title='bbox 802 3239 913 3303; x_wconf 90' lang='lat' dir='ltr'><strong>addita</strong></span> <span class='ocrx_word' id='word_1_79' title='bbox 937 3248 1038 3317; x_wconf 89' lang='lat' dir='ltr'><strong>erant,</strong></span> <span class='ocrx_word' id='word_1_80' title='bbox 1062 3239 1140 3304; x_wconf 90' lang='lat' dir='ltr'><strong>inde</strong></span> <span class='ocrx_word' id='word_1_81' title='bbox 1163 3238 1386 3324; x_wconf 81' lang='lat' dir='ltr'><strong>expellerent?</strong></span> 
     </span>
    </p>

    <p class='ocr_par' dir='ltr' id='par_1_6' title="bbox 327 3361 1503 3693">
     <span class='ocr_line' id='line_1_13' title="bbox 372 3361 1503 3447; baseline 0 -20"><span class='ocrx_word' id='word_1_82' title='bbox 372 3362 550 3447; x_wconf 85' lang='lat' dir='ltr'><strong>Quomodo</strong></span> <span class='ocrx_word' id='word_1_83' title='bbox 581 3363 708 3427; x_wconf 89' lang='lat' dir='ltr'><strong>vitiosae</strong></span> <span class='ocrx_word' id='word_1_84' title='bbox 739 3361 925 3426; x_wconf 87' lang='lat' dir='ltr'><strong>huiusmodi</strong></span> <span class='ocrx_word' id='word_1_85' title='bbox 948 3361 1105 3427; x_wconf 91' lang='lat' dir='ltr'><strong>lectiones</strong></span> <span class='ocrx_word' id='word_1_86' title='bbox 1129 3370 1209 3427; x_wconf 88' lang='lat' dir='ltr'><strong>ortae</strong></span> <span class='ocrx_word' id='word_1_87' title='bbox 1233 3364 1306 3440; x_wconf 90' lang='lat' dir='ltr'><strong>sint,</strong></span> <span class='ocrx_word' id='word_1_88' title='bbox 1339 3362 1503 3428; x_wconf 88' lang='lat' dir='ltr'><strong>nonnullis</strong></span> 
     </span>
     <span class='ocr_line' id='line_1_14' title="bbox 327 3481 1502 3571; baseline -0.001 -20"><span class='ocrx_word' id='word_1_89' title='bbox 327 3485 488 3571; x_wconf 88' lang='lat' dir='ltr'><strong>exemplis</strong></span> <span class='ocrx_word' id='word_1_90' title='bbox 512 3485 617 3550; x_wconf 89' lang='lat' dir='ltr'><strong>allatis</strong></span> <span class='ocrx_word' id='word_1_91' title='bbox 640 3486 812 3550; x_wconf 89' lang='lat' dir='ltr'><strong>ostendere</strong></span> <span class='ocrx_word' id='word_1_92' title='bbox 837 3483 918 3548; x_wconf 89' lang='lat' dir='ltr'><strong>mihi</strong></span> <span class='ocrx_word' id='word_1_93' title='bbox 940 3483 1045 3548; x_wconf 90' lang='lat' dir='ltr'><strong>liceat.</strong></span> <span class='ocrx_word' id='word_1_94' title='bbox 1093 3481 1150 3549; x_wconf 91' lang='lat' dir='ltr'><strong>Sic</strong></span> <span class='ocrx_word' id='word_1_95' title='bbox 1173 3491 1261 3552; x_wconf 84' lang='lat' dir='ltr'><strong>Rau.</strong></span> <span class='ocrx_word' id='word_1_96' title='bbox 1272 3507 1318 3552; x_wconf 79' lang='lat'><strong>112</strong></span> <span class='ocrx_word' id='word_1_97' title='bbox 1329 3507 1403 3566; x_wconf 88' lang='lat' dir='ltr'><strong>sqq.</strong></span> <span class='ocrx_word' id='word_1_98' title='bbox 1422 3487 1454 3548; x_wconf 92' lang='lat' dir='ltr'><strong>in</strong></span> <span class='ocrx_word' id='word_1_99' title='bbox 1468 3485 1502 3550; x_wconf 97' lang='lat' dir='ltr'>V</span> 
     </span>
     <span class='ocr_line' id='line_1_15' title="bbox 327 3609 461 3693; baseline -0.015 -20"><span class='ocrx_word' id='word_1_100' title='bbox 327 3609 461 3693; x_wconf 85' lang='lat' dir='ltr'><strong>legitur:</strong></span> 
     </span>
    </p>

    <p class='ocr_par' dir='ltr' id='par_1_7' title="bbox 438 3743 1231 3948">
     <span class='ocr_line' id='line_1_16' title="bbox 438 3743 1161 3828; baseline -0.004 -17"><span class='ocrx_word' id='word_1_101' title='bbox 438 3744 565 3820; x_wconf 79' lang='grc' dir='ltr'><em>τούτους</em></span> <span class='ocrx_word' id='word_1_102' title='bbox 589 3743 705 3828; x_wconf 72' lang='grc' dir='ltr'><em>φράσον</em></span> <span class='ocrx_word' id='word_1_103' title='bbox 729 3767 790 3822; x_wconf 75' lang='grc' dir='ltr'><em>μοι,</em></span> <span class='ocrx_word' id='word_1_104' title='bbox 814 3743 950 3822; x_wconf 76' lang='grc' dir='ltr'><em>λιμένος,</em></span> <span class='ocrx_word' id='word_1_105' title='bbox 973 3743 1161 3825; x_wconf 61' lang='lat' dir='ltr'><strong>aprorum,</strong></span> 
     </span>
     <span class='ocr_line' id='line_1_17' title="bbox 440 3865 1231 3948; baseline -0.001 -17"><span class='ocrx_word' id='word_1_106' title='bbox 440 3873 564 3948; x_wconf 80' lang='grc' dir='ltr'><em>πορνεῖ’,</em></span> <span class='ocrx_word' id='word_1_107' title='bbox 586 3865 786 3942; x_wconf 65' lang='lat' dir='ltr'><strong>circumditur,</strong></span> <span class='ocrx_word' id='word_1_108' title='bbox 810 3865 970 3948; x_wconf 79' lang='grc' dir='ltr'><em>ἕκτροτοὶς,</em></span> <span class='ocrx_word' id='word_1_109' title='bbox 994 3867 1113 3948; x_wconf 72' lang='grc' dir='ltr'><em>κρήνοος,</em></span> <span class='ocrx_word' id='word_1_110' title='bbox 1137 3866 1231 3941; x_wconf 76' lang='grc' dir='ltr'><em>ὁδούς,</em></span> 
     </span>
    </p>
   </div>
   <div class='ocr_carea' id='block_1_6' title="bbox 437 3987 1390 4071">
    <p class='ocr_par' dir='ltr' id='par_1_8' title="bbox 437 3987 1390 4071">
     <span class='ocr_line' id='line_1_18' title="bbox 437 3987 1390 4071; baseline -0.002 -15"><span class='ocrx_word' id='word_1_111' title='bbox 437 3989 632 4069; x_wconf 56' lang='lat' dir='ltr'><strong>terentiae,</strong></span> <span class='ocrx_word' id='word_1_112' title='bbox 658 3989 772 4066; x_wconf 77' lang='grc' dir='ltr'><strong>πόλεις,</strong></span> <span class='ocrx_word' id='word_1_113' title='bbox 798 3990 929 4070; x_wconf 76' lang='grc' dir='ltr'><em>δονοίτοος,</em></span> <span class='ocrx_word' id='word_1_114' title='bbox 955 3989 1202 4071; x_wconf 68' lang='grc' dir='ltr'><em>πανδοκευτρίας,</em></span> <span class='ocrx_word' id='word_1_115' title='bbox 1227 3987 1301 4056; x_wconf 76' lang='grc' dir='ltr'><em>ὅτου</em></span> <span class='ocrx_word' id='word_1_116' title='bbox 1326 3991 1390 4065; x_wconf 73' lang='lat' dir='ltr'><strong>xri,</strong></span> 
     </span>
    </p>
   </div>
   <div class='ocr_carea' id='block_1_7' title="bbox 326 4161 1502 4248">
    <p class='ocr_par' dir='ltr' id='par_1_9' title="bbox 326 4161 1502 4248">
     <span class='ocr_line' id='line_1_19' title="bbox 326 4161 1502 4248; baseline 0.001 -19"><span class='ocrx_word' id='word_1_117' title='bbox 326 4166 360 4229; x_wconf 92' lang='lat' dir='ltr'><strong>in</strong></span> <span class='ocrx_word' id='word_1_118' title='bbox 392 4164 511 4248; x_wconf 92' lang='lat' dir='ltr'><strong>quibus</strong></span> <span class='ocrx_word' id='word_1_119' title='bbox 541 4161 720 4237; x_wconf 71' lang='grc' dir='ltr'><em>κοτνλίδοος</em></span> <span class='ocrx_word' id='word_1_120' title='bbox 742 4183 851 4238; x_wconf 90' lang='lat' dir='ltr'><strong>nem0,</strong></span> <span class='ocrx_word' id='word_1_121' title='bbox 876 4163 1003 4245; x_wconf 88' lang='lat' dir='ltr'><strong>opinor,</strong></span> <span class='ocrx_word' id='word_1_122' title='bbox 1028 4161 1204 4228; x_wconf 89' lang='lat' dir='ltr'><strong>defendere</strong></span> <span class='ocrx_word' id='word_1_123' title='bbox 1229 4165 1416 4243; x_wconf 88' lang='lat' dir='ltr'><strong>conabitur;</strong></span> <span class='ocrx_word' id='word_1_124' title='bbox 1450 4172 1502 4230; x_wconf 92' lang='lat' dir='ltr'><strong>est</strong></span> 
     </span>
    </p>
   </div>
   <div class='ocr_carea' id='block_1_8' title="bbox 330 4283 1256 4370">
    <p class='ocr_par' dir='ltr' id='par_1_10' title="bbox 330 4283 1256 4370">
     <span class='ocr_line' id='line_1_20' title="bbox 330 4283 1256 4370; baseline -0.004 -18"><span class='ocrx_word' id='word_1_125' title='bbox 330 4287 417 4352; x_wconf 90' lang='lat' dir='ltr'><strong>enim</strong></span> <span class='ocrx_word' id='word_1_126' title='bbox 441 4287 766 4370; x_wconf 85' lang='lat' dir='ltr'><strong>interpretamentum</strong></span> <span class='ocrx_word' id='word_1_127' title='bbox 789 4283 944 4348; x_wconf 91' lang='lat' dir='ltr'><strong>vocabuli</strong></span> <span class='ocrx_word' id='word_1_128' title='bbox 969 4283 1209 4364; x_wconf 76' lang='grc' dir='ltr'><em>τονδοκεντρίοις</em></span> <span class='ocrx_word' id='word_1_129' title='bbox 1225 4286 1256 4370; x_wconf 91' lang='lat'><strong>¹).</strong></span> 
     </span>
    </p>
   </div>
   <div class='ocr_carea' id='block_1_9' title="bbox 328 4484 1501 4638">
    <p class='ocr_par' dir='ltr' id='par_1_11' title="bbox 328 4484 1501 4638">
     <span class='ocr_line' id='line_1_21' title="bbox 362 4484 1501 4553; baseline 0.002 -19"><span class='ocrx_word' id='word_1_130' title='bbox 362 4484 383 4548; x_wconf 80' lang='lat'><strong>1)</strong></span> <span class='ocrx_word' id='word_1_131' title='bbox 402 4485 479 4548; x_wconf 88' lang='lat' dir='ltr'><strong>Quod</strong></span> <span class='ocrx_word' id='word_1_132' title='bbox 503 4487 597 4536; x_wconf 88' lang='lat' dir='ltr'><strong>iniuria</strong></span> <span class='ocrx_word' id='word_1_133' title='bbox 622 4502 637 4535; x_wconf 88' lang='lat' dir='ltr'><strong>a</strong></span> <span class='ocrx_word' id='word_1_134' title='bbox 663 4485 793 4535; x_wconf 87' lang='lat' dir='ltr'><strong>nonnullis</strong></span> <span class='ocrx_word' id='word_1_135' title='bbox 818 4484 948 4535; x_wconf 81' lang='lat' dir='ltr'><strong>sollicitari</strong></span> <span class='ocrx_word' id='word_1_136' title='bbox 967 4493 1043 4553; x_wconf 79' lang='lat' dir='ltr'><strong>put03</strong></span> <span class='ocrx_word' id='word_1_137' title='bbox 1068 4502 1127 4535; x_wconf 89' lang='lat' dir='ltr'><strong>nam</strong></span> <span class='ocrx_word' id='word_1_138' title='bbox 1145 4502 1193 4551; x_wconf 87' lang='lat' dir='ltr'><strong>pro</strong></span> <span class='ocrx_word' id='word_1_139' title='bbox 1210 4502 1242 4537; x_wconf 92' lang='lat' dir='ltr'><strong>eo</strong></span> <span class='ocrx_word' id='word_1_140' title='bbox 1259 4487 1329 4551; x_wconf 92' lang='lat' dir='ltr'><strong>quod</strong></span> <span class='ocrx_word' id='word_1_141' title='bbox 1346 4493 1501 4551; x_wconf 84' lang='lat' dir='ltr'><strong>exspectatur</strong></span> 
     </span>
     <span class='ocr_line' id='line_1_22' title="bbox 328 4568 1501 4638; baseline 0 -20"><span class='ocrx_word' id='word_1_142' title='bbox 328 4568 466 4622; x_wconf 69' lang='lat' dir='ltr'><strong>rationein</strong></span> <span class='ocrx_word' id='word_1_143' title='bbox 491 4569 619 4638; x_wconf 87' lang='lat' dir='ltr'><strong>aptissime</strong></span> <span class='ocrx_word' id='word_1_144' title='bbox 641 4569 802 4620; x_wconf 87' lang='lat' dir='ltr'><strong>Bacchus-</strong></span> <span class='ocrx_word' id='word_1_145' title='bbox 820 4569 864 4636; x_wconf 89' lang='lat' dir='ltr'><strong>qui</strong></span> <span class='ocrx_word' id='word_1_146' title='bbox 882 4569 965 4626; x_wconf 76' lang='grc' dir='ltr'><em>ίίττοον</em></span> <span class='ocrx_word' id='word_1_147' title='bbox 983 4574 1033 4618; x_wconf 72' lang='grc' dir='ltr'><strong>τῶν</strong></span> <span class='ocrx_word' id='word_1_148' title='bbox 1050 4571 1190 4632; x_wconf 65' lang='lat' dir='ltr'><strong>permetiri</strong></span> <span class='ocrx_word' id='word_1_149' title='bbox 1208 4599 1240 4608; x_wconf 90' lang='lat'><em>-</em></span> <span class='ocrx_word' id='word_1_150' title='bbox 1257 4569 1383 4620; x_wconf 86' lang='lat' dir='ltr'><strong>substituit</strong></span> <span class='ocrx_word' id='word_1_151' title='bbox 1399 4569 1501 4619; x_wconf 88' lang='lat' dir='ltr'><strong>mulier·</strong></span> 
     </span>
    </p>
   </div>
   <div class='ocr_carea' id='block_1_10' title="bbox 0 0 1726 5396">
    <p class='ocr_par' dir='ltr' id='par_1_12' title="bbox 0 0 1726 5396">
     <span class='ocr_line' id='line_1_23' title="bbox 0 0 1726 5396; baseline 0 1"><span class='ocrx_word' id='word_1_152' title='bbox 0 0 1726 5396; x_wconf 95' lang='lat' dir='ltr'><strong> </strong></span> 
     </span>
    </p>
   </div>
  </div>
 </body>
</html>
