3444 5396
828 493 869 576 87

301 675 393 761 Quos
416 699 530 744 versus
553 679 710 763 exscripsi
734 678 820 743 sicut
840 698 861 743 a
883 678 1081 744 Leeuwenio
1104 688 1180 745 sunt
1202 679 1299 758 editi;
1324 698 1433 763 neque

253 799 370 866 melius
393 821 452 866 eos
474 801 638 886 explicare
662 822 796 886 possum
819 822 917 886 quarn
941 803 1048 886 ipsam
1070 803 1284 868 recentissimi
1300 803 1433 869 editoris

252 925 440 990 versionem
462 926 613 992 citando:
639 925 781 1003 „Praeter
796 934 905 990 cetera
922 934 1032 991 autem
1047 925 1112 990 hoc
1127 935 1178 991 est
1192 927 1431 1010 gravissimum,

251 1048 343 1133 quod
366 1069 408 1114 ne
430 1048 574 1113 dormire
596 1047 729 1131 quidem
751 1047 836 1124 licet,
860 1047 919 1112 sed
943 1048 1027 1112 inter
1041 1046 1140 1113 hasce
1155 1069 1317 1114 aerumnas
1333 1050 1432 1114 etiarn

251 1169 389 1255 vigilare
430 1170 577 1235 iubeor.”
624 1169 723 1236 Unde
766 1177 884 1252 sponte
919 1177 1058 1253 apparet
1089 1189 1164 1234 eum
1195 1171 1264 1234 iure
1293 1190 1354 1253 pro
1387 1168 1432 1235 ἔτι

251 1293 455 1376 rescripsisse
479 1290 531 1357 ἐπὶ
555 1292 689 1376 (Mnem.
713 1291 836 1368 XXVI,
861 1313 893 1375 p.
908 1291 995 1375 213),
1019 1290 1119 1374 quod,
1136 1292 1317 1357 secundum
1337 1291 1431 1377 Blay-

250 1415 381 1481 desium
405 1425 439 1481 et
462 1416 642 1491 Ferraium,
666 1415 699 1479 in
723 1413 837 1479 codice
861 1413 1053 1479 Ravennate
1076 1413 1204 1498 legitur.
1235 1415 1274 1479 In
1296 1415 1430 1500 vulgata

249 1547 361 1603 autem
376 1537 517 1603 lectione
532 1543 610 1603 τοῖσι
625 1543 729 1608 κοοκοῖς
744 1536 837 1620 quasi
848 1535 1132 1620 languidissimum
1145 1547 1242 1602 sonat
1254 1537 1430 1603 emblema.

296 1659 468 1726 Contraria
497 1669 607 1725 autem
638 1668 689 1724 est
719 1659 857 1742 quaestio
887 1663 993 1724 Nubb.
1012 1665 1084 1740 654,
1109 1679 1207 1742 quem
1239 1681 1282 1724 ex
1309 1659 1373 1725 RV
1396 1668 1429 1724 et

248 1781 319 1847 aliis
343 1779 508 1847 nonnullis
531 1783 578 1846 sic
600 1781 773 1846 ediderunt
795 1777 915 1863 Bergk,
938 1779 1076 1858 Teuffel,
1103 1779 1214 1846 Coen:

450 1967 498 2044 τίς
519 1966 616 2042 ἄλλος
638 1966 708 2033 ἀντὶ
732 1966 851 2032 τουτουὶ
872 1970 925 2032 τοῦ
950 1965 1125 2046 δοκούλοο;

450 2087 505 2171 πρὸ
528 2093 582 2155 τοῦ
606 2087 672 2169 μέν,
697 2088 746 2154 ἐπ’
772 2087 846 2166 ἐμοῦ
869 2084 978 2161 weride
999 2085 1082 2162 ὄντος
1105 2087 1214 2166 οὑτοσί,

247 2290 363 2334 vereor
385 2278 498 2334 tamen
520 2277 556 2334 ut
578 2269 768 2354 praepositio
792 2265 842 2330 ἐπὶ
865 2266 911 2331 sic
935 2268 1084 2352 usurpari
1099 2268 1204 2352 possit
1223 2269 1337 2335 addito
1352 2292 1424 2354 par·

245 2393 357 2476 ticipio
387 2389 487 2470 turon
520 2391 599 2456 nihil
629 2400 718 2456 certe
748 2389 918 2454 offensioni
950 2398 1001 2455 est
1038 2392 1071 2454 in
1103 2412 1145 2455 eo
1179 2393 1269 2474 quod
1299 2393 1425 2461 habent

245 2515 346 2578 ceteri
370 2514 500 2580 codices
523 2523 707 2598 ceteraeque
731 2511 891 2577 editiones
916 2506 960 2574 ἔτ’
985 2509 1059 2589 ἐμοῦ
1083 2510 1193 2584 araride
1216 2509 1306 2587 ὄντος.
