3444 5396
764 499 804 568 77

192 673 255 749 Pro
278 671 346 754 περὶ
370 693 411 737 ex
436 673 501 738 VR
524 680 551 736 Θ
575 673 663 737 Med.
688 691 711 752 4
734 669 821 753 παρά
844 672 960 737 iniuria
974 677 1171 754 receperunt
1187 669 1368 744 Hermann,

190 796 327 872 Teuffel,
363 795 472 874 Coen;
510 817 587 860 nam
615 793 702 876 παρά
724 794 796 868 τοὺς
819 791 927 872 γονέας
949 793 1134 878 significare
1158 812 1256 876 posse
1281 789 1368 871 παρα

192 921 315 998 γναμὴν
345 924 403 985 τῶν
436 924 494 984 τῶν
525 917 643 996 γινέαν,
675 928 710 984 ut
741 927 836 1003 putat
858 917 1044 992 scholiasta,
1067 916 1267 999 persuadere
1292 914 1370 978 mihi

193 1063 260 1106 non
282 1061 433 1124 possum;
458 1049 547 1106 recte
571 1043 706 1105 omnino
722 1040 863 1105 Kihler:
878 1038 978 1120 ,,περὶ,
991 1040 1035 1102 da
1047 1039 1106 1102 das
1129 1059 1208 1102 vom
1220 1038 1302 1102 Rav.
1316 1058 1370 1122 ge·

161 1157 168 1170 '
193 1165 316 1229 botene
340 1162 426 1244 παρά
449 1185 487 1228 so
511 1186 571 1228 nur
594 1165 653 1227 mit
668 1163 856 1229 sachlichen
872 1161 1033 1246 begriffen
1047 1161 1240 1225 verbunden
1257 1159 1369 1224 wird.”

237 1287 366 1351 Tertius
389 1287 482 1351 locus
498 1287 553 1350 ubi
570 1285 638 1366 napi
654 1307 767 1350 verum
782 1285 860 1349 mihi
877 1305 949 1349 esse
964 1284 1092 1348 videtur
1108 1291 1158 1347 est
1173 1289 1260 1349 Rau.
1278 1288 1370 1348 1068:

281 1470 335 1548 κῆν
358 1475 462 1537 ταῦτα
486 1469 583 1549 λέγων
607 1469 805 1552 ἐξαπατήσῃ,
830 1470 898 1552 περὶ
917 1469 989 1543 τοὺς
1008 1471 1098 1551 ἰχθῦς
1117 1468 1277 1552 άνέκνψεν,

193 1651 250 1714 ubi
281 1671 397 1734 parum
420 1651 498 1715 mihi
520 1659 750 1734 persuaserunt
772 1650 946 1726 Fritzsche,
971 1649 1090 1732 Bergk,
1116 1649 1279 1725 Meineke,
1304 1670 1371 1714 von

193 1772 327 1851 Velsen,
352 1772 502 1849 Dindorl,
527 1772 633 1848 Kock,
657 1772 851 1854 recipientes
867 1770 1041 1836 lectionem
1058 1772 1204 1836 omnium
1220 1773 1372 1836 codicum

193 1904 312 1978 praeter
334 1903 489 1978 quattuor
512 1895 682 1959 deterioris
706 1903 792 1958 notae
816 1892 901 1976 παρά
923 1892 995 1966 τοὺς
1017 1893 1116 1974 ἰχθῦς,
1137 1915 1237 1977 quam
1253 1893 1372 1959 Suidas

194 2038 328 2100 quoque
359 2017 503 2082 servavit
534 2018 556 2080 i.
587 2039 619 2081 v.
653 2015 760 2098 χιτών.
795 2014 867 2097 Περὶ
901 2017 989 2081 enim
1016 2017 1049 2080 in
1081 2017 1176 2081 simili
1197 2018 1374 2081 verborum

194 2151 358 2208 structura
380 2143 499 2227 legitur
523 2144 611 2227 apud
635 2144 753 2227 Eupol.
785 2143 823 2210 fr.
857 2161 920 2224 304
936 2143 974 2228 ¹):
1000 2142 1154 2223 περιῆλθον
1179 2143 1220 2214 εἷς
1242 2142 1285 2206 τά
1305 2141 1374 2208 τκό-

193 2455 239 2510 τῆς
257 2450 346 2509 attor,
362 2449 467 2513 μέλλεις
483 2449 603 2513 τᾶγαλμ’
621 2449 806 2510 ἀναπλάττειν,
823 2466 900 2515 quam
917 2451 954 2500 sic
971 2449 1081 2515 explicat
1099 2448 1213 2499 Teuffel:
1232 2449 1371 2516 „effingere

193 2535 300 2601 pudoris
317 2535 457 2598 imaginem
475 2535 513 2596 (in
527 2541 602 2582 temet
619 2534 695 2599 ipso),
711 2540 736 2582 te
753 2533 858 2583 reddere
869 2533 923 2583 eius
935 2532 1126 2599 simulacrum'';
1138 2533 1255 2582 similiter
1265 2532 1375 2582 Kahler:

190 2619 269 2686 „quia
285 2618 393 2668 Pudoris
412 2617 550 2682 imaginem
568 2617 646 2666 debes
663 2615 785 2681 effingere
802 2617 839 2680 (in
856 2623 932 2666 temet
950 2617 1016 2682 ipso,
1032 2616 1083 2666 tuis
1100 2615 1246 2681 moribus),’'
1257 2621 1282 2664 et
1291 2615 1375 2665 Coen:

192 2698 304 2768 „Poiche
328 2707 356 2751 tu
382 2701 441 2750 devi
467 2707 656 2765 rappresentare
681 2698 814 2764 l’imagine
839 2699 881 2749 del
906 2700 1023 2749 Pudore'’
1042 2727 1074 2736 -
1091 2698 1137 2748 sed
1154 2699 1253 2748 etiamsi
1270 2699 1376 2748 verbum

192 2783 297 2845 μέλλειν
315 2783 426 2833 debendi
444 2798 519 2832 sensu
537 2783 652 2847 usurpari
670 2798 745 2854 posse
771 2782 949 2848 concedamus,
975 2781 1104 2831 undenam
1121 2781 1254 2846 desumpta
1271 2787 1330 2830 sunt
1346 2795 1378 2830 ea

193 2883 251 2932 quae
276 2866 397 2916 cancellis
422 2873 500 2931 saepta
524 2866 676 2915 addiderunt
699 2865 798 2916 Teuffel
815 2873 840 2914 et
857 2865 969 2914 Kahler?
1003 2866 1103 2930 Nempe
1120 2881 1151 2914 ex
1176 2864 1291 2929 ipsorum
1309 2879 1376 2912 com·

192 2956 360 3000 mentatorum
378 2950 492 3014 ingenio.
527 2950 613 2998 Minus
631 2949 708 2999 etiam
725 2948 790 2998 mihi
807 2947 955 2998 satisfaciunt
972 2964 1002 2998 ea
1019 2964 1076 3013 quae
1094 2948 1183 3011 (multa
1196 2948 1248 2998 alia
1256 2955 1377 3012 praeterea

195 3033 333 3094 coniciens)
363 3033 434 3082 dedit
457 3032 619 3096 Blaydesius:
638 3031 678 3082 ἄτι
703 3035 750 3089 τῆς
767 3029 856 3088 Αἰδοῦς
873 3030 961 3093 μέλλω
979 3030 1009 3080 τέ
1023 3036 1050 3080 τ’
1066 3029 1170 3093 ἄγαλμ’
1188 3029 1375 3082 ἀναπλάττειν.

228 3115 306 3179 Quod
331 3131 380 3180 ego
403 3115 463 3165 dedi
480 3114 643 3165 scholiastam
659 3115 753 3179 legisse
770 3131 802 3164 ex
819 3115 874 3164 eius
891 3115 1058 3164 annotatione
1075 3113 1134 3177 άπερ
1152 3114 1243 3176 μέλλει
1261 3111 1378 3176 μολύνειν

193 3199 240 3258 τὴν
261 3195 329 3248 aldai
347 3213 478 3265 apparere,
496 3197 549 3247 iure
567 3197 711 3247 observavit
729 3198 901 3264 Hermannus,
918 3198 964 3263 qui
981 3198 1051 3248 idem
1068 3198 1158 3265 edidit,
1175 3198 1224 3248 nisi
1241 3198 1312 3264 qnod
1330 3214 1377 3263 pro

194 3283 287 3344 μέλλει
305 3281 376 3330 dedit
393 3279 506 3348 μέλλεις,
522 3280 593 3346 quod
601 3296 689 3330 verum
698 3281 763 3330 mihi
772 3297 826 3331 non
835 3280 917 3330 videri
929 3281 1031 3332 docebit
1039 3297 1125 3347 quam,
1134 3281 1263 3332 Kockium
1272 3286 1380 3346 secutus,

195 3380 313 3432 propono
338 3364 487 3430 explicatio:
514 3362 601 3430 „quod
625 3363 733 3414 Pudoris
759 3363 898 3428 imaginem
925 3365 1100 3430 inquinaturus
1126 3365 1183 3424 sit,'’
1209 3373 1237 3414 ut
1261 3369 1380 3428 exparte

195 3449 303 3498 Kamai
328 3456 384 3498 utar
408 3447 499 3497 verbis.
534 3449 598 3497 Puto
619 3454 703 3497 autem
720 3448 774 3497 haec
791 3448 869 3497 verba
886 3447 1019 3513 desumpta
1036 3463 1090 3498 esse
1107 3463 1137 3498 ex
1154 3447 1268 3496 carmine
1284 3446 1379 3512 aliquo,

197 3540 240 3583 aut
261 3549 292 3582 ex
308 3531 441 3596 tragoedia
458 3531 554 3597 aliqua,
571 3537 614 3580 aut
631 3545 646 3580 e
663 3531 757 3580 scholis
773 3530 994 3595 philosophorum.
1029 3531 1153 3582 Ultimum
1169 3530 1275 3580 fortasse
1292 3528 1380 3578 verisi-

197 3616 334 3666 millimum
358 3622 402 3681 est
425 3630 486 3663 nam
510 3614 651 3681 „Platonici
678 3614 755 3664 etiam
779 3612 879 3678 pulchri
902 3614 1036 3663 cuiuslibet
1053 3620 1077 3663 et
1094 3612 1187 3662 summi
1204 3612 1267 3662 boni
1284 3612 1379 3676 cogita-

196 3700 293 3749 tionem
310 3705 395 3748 mente
412 3697 573 3748 informatam
590 3696 748 3759 άγάλματτς
766 3698 870 3746 nomine
888 3696 1057 3762 designabant
1074 3698 1089 3721 '²
1109 3696 1254 3759 (Ruhnken.
1267 3696 1300 3744 ad
1312 3695 1380 3745 Tim.

198 3800 224 3849 p.
242 3794 270 3848 75
289 3781 349 3831 vide
366 3788 390 3831 et
407 3781 570 3830 d’Orvillium
587 3780 621 3830 ad
639 3781 760 3830 Chariton
778 3795 803 3845 p.
824 3793 854 3829 12
872 3796 918 3847 sq.,
930 3797 955 3830 v.
965 3779 1135 3829 Wilamowitz
1143 3779 1177 3829 ad
1185 3779 1244 3828 Eur.
1253 3779 1329 3829 Here.
1338 3793 1381 3845 49,

198 3867 231 3917 ed
247 3867 282 3930 11,
298 3864 401 3931 tom11‚
418 3880 444 3929 p.
464 3865 494 3914 16
511 3866 572 3930 sq.);
589 3864 667 3914 etiam
685 3865 813 3914 Socratem
831 3864 908 3928 igitur
918 3865 968 3913 hoc
980 3863 1058 3913 modo
1070 3862 1181 3913 locutum
1193 3877 1247 3911 esse
1259 3861 1382 3911 credibile

199 3956 243 4000 est.
278 3949 410 3998 Humilior
434 3955 517 3997 autem
543 3963 590 4013 pro
615 3947 664 3996 hac
689 3947 820 3997 locutione
845 3947 910 3996 mihi
927 3947 1027 3996 videtur
1043 3945 1190 3995 Leeuwenii
1209 3944 1380 4010 interpretatio

198 4033 390 4101 „intemeratum
407 4031 539 4097 pudorem,
557 4030 601 4096 qui
618 4031 724 4080 aetatulae
741 4030 818 4080 decus
835 4036 872 4080 est
888 4028 1296 4094 longepulcherrimum’';neque
1306 4030 1382 4093 recte,

200 4124 227 4166 ut
251 4115 315 4165 mihi
340 4114 440 4164 videtur
460 4114 608 4163 Hermann:
626 4112 769 4178 „quidquid
786 4111 891 4177 pudoris
908 4113 948 4161 tui
964 4111 1041 4161 decus
1059 4111 1237 4176 contaminet,”
1254 4111 1381 4174 probante

199 4198 332 4250 Meinekio
348 4197 435 4261 (Vind
453 4198 497 4246 Ar.
515 4213 540 4262 p.
559 4198 610 4259 77).
645 4195 729 4244 Ceteri
746 4195 848 4246 codices
865 4196 972 4245 habent:
982 4192 1103 4261 ,μέλλεις
1112 4193 1216 4256 ἄγαλμ’
1224 4190 1382 4250 άναπλάτειν

200 4282 241 4346 (V.
258 4282 321 4331 Mut.
339 4283 373 4348 2),
389 4280 430 4330 vel
447 4279 552 4342 μέλλεις
568 4276 690 4341 τᾶγαλμ’
708 4276 866 4337 ἀναπλήσειν
885 4279 917 4342 (V
934 4293 976 4328 sec
994 4278 1130 4344 Cobetum,
1146 4277 1210 4342 alii),
1227 4275 1268 4326 vel
1278 4273 1382 4337 μέλλεις

201 4363 322 4427 τᾶγαλμ’
351 4362 537 4420 ἀναπλάττειν,
562 4361 604 4412 vel
631 4360 736 4423 μέλλεις
762 4359 866 4423 ἄγαλμ’
891 4360 1075 4418 ἀναπλάττειν,
1100 4360 1142 4411 vel
1158 4359 1262 4421 μέλλεις
1279 4356 1382 4421 ἄγαλμ’

202 4445 386 4506 ἀναπλάττειν,
412 4447 453 4496 vel
470 4444 621 4508 άγάλματα
637 4443 742 4507 μέλλεις
759 4441 924 4502 άναπλιὶτειν,
941 4442 984 4494 vel
1001 4442 1105 4505 μέλλεις
1122 4441 1250 4493 πλάττειν
1266 4443 1322 4508 (sic)
1340 4442 1382 4492 vel

202 4528 294 4594 μέλλει
311 4528 451 4592 άγάλματ’
468 4525 624 4585 άναπλιὶτειν
642 4529 707 4592 (Par.
728 4530 775 4593 19).

235 4615 255 4678 1)
274 4613 404 4665 Servatum
421 4613 489 4680 apud
505 4612 602 4664 Pollae.
619 4613 657 4662 IX
672 4623 715 4679 47,
732 4611 776 4677 qui
792 4611 863 4662 locus
880 4611 975 4676 dignus
992 4619 1028 4662 est
1045 4611 1089 4676 qui
1106 4609 1260 4662 conferatur.
