3434 5394
826 573 862 646 51

257 754 406 819 laborare
441 752 520 817 dicit
552 751 705 835 Blaydes,
741 751 839 816 simul
868 761 980 816 tamen
1011 760 1118 816 totum
1147 769 1278 815 versum
1310 749 1344 815 in
1366 747 1431 814 hoc

257 857 371 942 codice
405 875 511 939 omitti
544 873 731 960 affirmans).
779 874 856 940 Non
890 883 977 939 recte
1012 883 1122 939 autem
1159 873 1368 938 Hermannus
1399 874 1433 936 in

258 998 406 1062 eiusdem
434 994 555 1061 sabulae
578 1016 627 1060 vs.
651 1018 720 1076 13³3
744 995 797 1061 καὶ
822 1000 888 1070 πῶς
910 994 1020 1074 γένοιτ’
1045 993 1082 1060 ἂν
1106 993 1228 1077 πατέρα
1250 991 1379 1059 τύπτειν
1403 992 1432 1057 ἕν

258 1115 342 1198 δίκῃ
373 1115 552 1199 legendum
583 1135 655 1180 esse
684 1116 826 1180 coniecit
855 1114 907 1180 καὶ
939 1120 1003 1189 πῶς
1033 1113 1133 1192 γενσίτ
1163 1111 1201 1179 ἂν
1226 1115 1279 1180 τὸν
1310 1111 1433 1195 πατέρα

257 1237 385 1303 τύπτειν
408 1235 485 1312 δίαν,
510 1257 551 1302 eo
578 1237 679 1304 fretus
702 1238 792 1322 quod
816 1237 968 1304 articulus
991 1237 1123 1302 additus
1146 1237 1245 1303 estin
1261 1235 1430 1300 codicibus

259 1369 309 1425 ΖΦ
333 1360 427 1425 Bodl.
452 1377 483 1440 4.

303 1485 459 1551 Similiter
489 1486 633 1549 Nublum
657 1503 785 1549 versus
804 1488 863 1563 855
893 1483 926 1547 in
955 1485 1149 1549 Ravennate
1172 1491 1205 1548 et
1228 1482 1337 1547 multis
1360 1480 1433 1546 aliis

260 1606 345 1673 male
361 1611 407 1673 sic
430 1608 566 1696 legitur:

736 1779 810 1843 αλλ’
835 1774 853 1844 i'
873 1801 903 1843 rr
923 1775 1048 1858 μάθοιμ’
1075 1774 1222 1843 ἑκάστοτε

418 1899 668 1981 ἐπελανθανόμην
691 1897 728 1965 ἂν
752 1899 835 1973 εὐθὺς
857 1899 916 1965 ὑπὸ
942 1899 1076 1975 πλήθους
1098 1904 1158 1965 τῶν
1182 1900 1267 1977 ἐτῶν,

261 2081 320 2146 sed
349 2081 443 2166 peius
472 2083 572 2147 etiam
603 2082 637 2145 in
661 2080 694 2145 V
716 2078 891 2163 multisque
921 2078 991 2144 aliis
1022 2080 1144 2146 omisso
1170 2075 1207 2145 aiv
1230 2086 1335 2144 metro
1362 2079 1436 2143 sub·

260 2213 396 2268 ventum
420 2213 481 2268 est.

306 2463 504 2541 „Nullamne
546 2464 706 2548 accipiam
741 2473 891 2530 extorum
924 2472 1051 2549 partem
1060 2463 1091 2528 i’'
1126 2464 1231 2548 inquit
1265 2463 1438 2528 Hierocles

261 2587 350 2671 (Pac.
369 2588 455 2673 1111):
487 2586 583 2659 οὐδεὶς
612 2586 775 2668 προσδώσει
806 2611 857 2665 μοι
881 2592 938 2652 τῶν
966 2585 1181 2668 σπλαγχναν;
1205 2625 1248 2636 -
1263 2589 1291 2653 si
1306 2587 1438 2653 codices

261 2710 354 2792 sequi
378 2718 517 2775 metrum
539 2709 707 2774 heroicum
730 2712 852 2775 sineret
875 2710 954 2794 (nisi
970 2712 1060 2793 quod
1083 2709 1297 2795 interpolatus
1314 2708 1439 2775 liberB

252 2830 364 2896 habet
387 2829 502 2915 δώσεν);
529 2833 589 2897 sed
612 2842 668 2898 aut
690 2855 742 2911 μοι
765 2842 821 2898 ant
843 2837 900 2897 τῶν
925 2833 1101 2899 delendum
1121 2842 1180 2898 est.
1212 2833 1343 2898 Utravis
1360 2833 1438 2897 satis

260 2953 341 3019 levis
372 2963 423 3020 est
455 2956 663 3032 emendatio;
694 2955 753 3019 sed
784 2976 978 3040 pronomen,
1011 2976 1078 3021 non
1102 2954 1272 3039 articulum
1295 2954 1440 3020 deletum

261 3075 325 3140 hac
348 3077 391 3141 de
413 3097 514 3142 causa
536 3098 612 3143 cum
635 3075 812 3160 Blaydesio
836 3077 956 3154 malim,
980 3078 1072 3162 quod
1102 3087 1192 3143 certa
1214 3079 1366 3162 quaedam
1389 3077 1434 3140 in·

262 3198 412 3264 dicantur
441 3209 529 3278 exta,
565 3220 669 3282 eaque
700 3221 775 3283 quae
807 3202 840 3264 in
870 3202 943 3285 ipsa
976 3221 1075 3266 scena
1108 3202 1244 3279 adsunt;
1280 3209 1439 3285 praeterea

262 3319 366 3385 multo
391 3318 568 3402 σεμνότερον
592 3323 638 3386 sic
661 3321 804 3406 loquitur
826 3333 930 3388 vates.

309 3443 425 3509 Altera
457 3453 567 3508 autem
589 3443 756 3528 Blaydesii
782 3445 969 3511 coniectura
993 3445 1170 3532 legendum
1195 3467 1267 3510 esse
1295 3447 1326 3510 οὐ
1353 3469 1440 3528 προσ·

265 3563 371 3639 δώσεις
394 3587 445 3643 μα
469 3571 529 3630 τῶν
553 3563 749 3648 σπλάγχνων
772 3567 849 3631 mihi
873 3569 980 3632 minus
1004 3589 1103 3651 quam
1123 3569 1347 3633 Herwerdeno
1365 3570 1442 3647 „ab-

263 3686 460 3764 blanditur''‚
485 3695 519 3752 et
542 3698 676 3773 propter
698 3690 891 3773 corruptelae
914 3692 1075 3776 originem
1099 3693 1145 3756 sic
1168 3693 1274 3756 minus
1294 3702 1440 3775 apertam

256 3817 298 3874 ‘et
319 3817 456 3893 propter
478 3810 552 3888 ἡμῖν
575 3811 608 3874 in
630 3832 727 3877 versu
750 3814 911 3897 sequenti.
973 3896 974 3899 Ἴ

309 4051 485 4119 Probabile
523 4056 603 4120 mihi
626 4065 677 4120 est
708 4057 776 4122 iure
799 4058 1010 4136 Meinekium,
1032 4060 1274 4136 Leeuwenium
1301 4060 1442 4144 Blayde·

264 4176 358 4252 sium,
383 4173 587 4254 Gravesium,
608 4176 775 4243 Starkium
807 4180 839 4244 in
859 4186 964 4260 vesp.
983 4188 1047 4261 596
1074 4183 1237 4265 recepisse
1265 4181 1442 4248 lectionem

228 4358 238 4373 ,
266 4297 388 4362 codicis
415 4299 537 4364 Veneti
565 4297 598 4363 δὲ
630 4297 732 4364 Κλέων
763 4322 824 4384 pro
848 4300 875 4366 δ’
900 4303 913 4366 ὁ
938 4301 1056 4379 Kalon
1090 4324 1197 4387 neque
1231 4305 1440 4371 Hermannus

265 4417 332 4484 ullo
356 4420 425 4484 iure
446 4426 553 4520 Nubb.
572 4444 633 4489 ποτ
652 4423 736 4486 τοῦτ’
761 4416 809 4487 οὖν
832 4423 866 4489 ri
885 4425 950 4489 ἕστν
974 4426 1126 4506 χρήσιμον
1149 4448 1225 4492 usus
1249 4438 1300 4492 est
1324 4429 1443 4494 vitiosa

267 4541 389 4606 codicis
418 4542 451 4606 V
482 4541 623 4630 lectione
646 4521 683 4608 ri
707 4543 858 4626 χρήσιμον
881 4548 925 4611 ad
950 4549 1179 4615 coniciendum
1206 4555 1259 4615 τοῦ
1284 4551 1313 4616 δ’
1340 4546 1387 4617 σῦν
1414 4552 1447 4617 τί

267 4661 332 4728 ἔστι
356 4663 391 4728 τὸ
416 4664 568 4746 χρήσιμον
610 4664 730 4749 (τούτου
764 4666 797 4731 τί
829 4668 893 4732 ἕστν
927 4669 963 4734 τὸ
991 4669 1142 4752 χρήσιμον
1177 4672 1323 4738 Dindorf
1344 4674 1443 4761 olim);
