3434 5394
865 517 908 600 36

342 707 540 792 Diligentius
555 706 582 769 si
598 703 674 769 huic
690 704 736 768 rei
748 703 895 768 animum
908 704 1103 770 attendisset
1113 704 1274 790 Bergkius
1285 712 1375 773 Avv.
1393 725 1472 786 1⁵⁷9

297 852 363 898 non
385 831 433 895 sic
456 828 627 894 edidisset:

519 1015 576 1090 τὴν
598 1009 793 1094 τυρόκνηστίν
814 1034 867 1091 μοι
891 1010 979 1078 δότω·
1004 1011 1079 1096 Φέρε
1103 1011 1233 1097 πόλφνον·

294 1220 369 1283 quae
398 1196 496 1262 lectio
526 1193 688 1258 invenitur
709 1193 743 1255 in
766 1189 876 1266 VRA,
899 1191 1083 1256 Vossianus
1105 1202 1215 1259 autem
1247 1192 1473 1276 ὑπερμετρνκῶς

295 1322 397 1386 habet
427 1313 482 1396 μοό
501 1339 549 1390 τος
571 1312 659 1389 δότω,
682 1313 782 1378 ceteri
806 1333 886 1378 vero
909 1311 958 1386 τίς
980 1310 1070 1388 δότω,
1101 1317 1193 1398 quod
1217 1315 1287 1381 iure
1310 1337 1330 1382 a
1352 1320 1470 1383 ceteris

295 1441 474 1508 editoribus
497 1445 667 1520 receptum
690 1445 749 1500 est.

338 1565 454 1647 Neque
488 1557 668 1646 probabilis
701 1567 753 1623 est
781 1555 948 1639 Blaydesii
981 1557 1170 1623 coniectura
1203 1563 1291 1626 Plut.
1319 1567 1389 1642 648,
1410 1561 1467 1625 ubi

291 1685 394 1769 vulgo
417 1684 539 1748 editur:
564 1678 685 1760 πέροοονε
706 1676 802 1744 τοόννν
825 1673 892 1743 ότι
915 1675 1017 1757 λέγοις
1047 1678 1163 1752 όνύποος
1183 1679 1272 1756 ποτέ,
1290 1680 1468 1766 legendum

294 1828 367 1872 esse
398 1803 452 1884 μοό
479 1826 528 1868 νυν
559 1822 619 1886 pro
643 1799 749 1874 τοίνυν,
773 1799 930 1884 quoniam
952 1801 986 1865 in
1008 1821 1075 1865 uno
1099 1801 1181 1866 Mut.
1207 1818 1224 1884 3
1250 1803 1405 1872 traditum
1427 1806 1471 1870 sit

294 1952 346 2006 μοι
369 1926 519 1992 τοίνυν-.

337 2106 418 2170 Tres
444 2114 556 2170 tamen
587 2102 708 2166 addam
730 2101 822 2164 locos
845 2099 901 2164 ubi
924 2120 1110 2183 pronomen
1133 2123 1185 2178 μοι
1208 2101 1262 2168 vel
1286 2125 1331 2168 πον
1352 2104 1470 2170 iniuria

292 2251 313 2293 a
336 2225 500 2291 nonnullis
523 2224 703 2289 editoribus
726 2222 883 2286 omissum
905 2241 979 2286 esse
1001 2222 1079 2287 mihi
1103 2223 1243 2289 videtur.
1266 2223 1351 2289 Sunt
1373 2226 1421 2292 hi:

335 2354 464 2428 Equitt.
482 2353 553 2428 346.
584 2345 761 2429 Bergkium
788 2343 1054 2427 Meinekiumque
1080 2365 1212 2410 versum
1234 2348 1280 2411 sic
1315 2348 1469 2414 edentes:

424 2519 499 2581 ἀλλ’
522 2508 592 2580 οἷσθ’
615 2510 687 2595 ὅπερ
712 2511 890 2578 πεπονόένοον
914 2513 1028 2590 Boario:
1052 2510 1124 2596 ὅπερ
1146 2515 1182 2580 τό
1209 2516 1334 2593 πλῆθος,

291 2695 366 2757 quae
382 2673 414 2737 in
431 2672 461 2735 R
477 2681 511 2736 et
525 2670 559 2734 V
573 2670 693 2735 tradita
711 2678 796 2744 sunt,
812 2689 887 2734 cum
902 2668 1001 2733 ceteri
1017 2670 1163 2736 habeant
1179 2667 1197 2735 δ’
1209 2693 1261 2749 μοι
1277 2671 1466 2750 πεπονθέναι,

290 2797 360 2859 iure
376 2792 587 2876 reprehendit
601 2812 633 2854 v.
646 2791 812 2874 Bamberg
827 2790 849 2853 1.
860 2789 881 2853 l.
893 2811 927 2873 p.
945 2809 964 2854 2
981 2811 1063 2875 sqq.;
1079 2792 1185 2856 nullus
1201 2793 1290 2859 enim
1304 2795 1357 2860 hic
1373 2795 1468 2860 locus

289 2915 474 3001 pronomini
490 2908 572 2994 ὅπερ.
589 2912 622 2976 Α
637 2933 704 2995 quo
719 2911 871 2976 dissentit
886 2910 1066 2977 Schneeius
1082 2913 1180 2996 (anno
1197 2914 1291 2996 1876,
1303 2937 1336 2999 p.
1352 2916 1392 3001 ς),
1406 2918 1467 2981 sed
1505 2935 1509 2944 ·

289 3041 465 3106 adversarii
488 3038 688 3122 argumentis
712 3057 753 3100 ne
777 3035 929 3100 indicatis
942 3036 1091 3118 quidem;
1108 3036 1150 3101 de
1165 3038 1285 3119 quibus
1300 3039 1466 3103 Zaeherus

288 3183 423 3247 quoque
452 3170 549 3236 tacet,
576 3159 765 3242 ceteroquin
788 3157 930 3222 eandem
948 3157 1128 3223 defendens
1144 3161 1340 3225 sententiam
1363 3161 1465 3245 (Aris-

288 3282 593 3368 tophanesstudien,
609 3302 642 3365 p.
662 3282 701 3361 58
718 3300 777 3363 sq.;
794 3281 828 3344 in
844 3279 989 3344 editione
1004 3300 1064 3344 sua
1079 3280 1248 3365 vulgatam
1264 3284 1465 3367 retinuerat).

333 3410 438 3470 Nubb.
461 3410 532 3484 489
580 3402 634 3467 Sic
675 3401 763 3467 hunc
804 3422 937 3466 versum
977 3403 1081 3467 edunt
1122 3402 1302 3479 Hermann,
1344 3403 1466 3488 Bergk,

287 3525 425 3602 Teuffel,
450 3525 552 3599 Coeo,
576 3523 736 3589 Diodori:

488 3692 550 3773 alys
573 3719 621 3760 ννν
647 3691 737 3772 ὅπως,
761 3690 835 3760 ότοον
857 3717 889 3759 το
916 3691 1126 3776 προβόλωμοον
1150 3694 1244 3777 σοφόν

492 3817 642 3900 περὶτῶν
666 3816 832 3898 μετεώρων,
857 3814 964 3890 εὐόὲωρ
985 3814 1176 3900 ὑφοορποὶσεν,

287 4019 394 4082 eaque
418 3998 498 4062 olim
520 3997 655 4080 vulgata
684 4004 755 4061 erat
784 3995 901 4072 lectio;
932 3991 966 4059 τό
986 3991 1216 4075 προβόλοωμοον
1240 3994 1334 4078 σοφόν
1357 4006 1409 4062 est
1431 3998 1466 4061 in

287 4120 350 4185 GR
366 4120 389 4204 ¹)
408 4127 463 4182 TX
485 4121 556 4184 Par.
571 4136 601 4200 3,
626 4118 718 4183 Harl.
737 4135 807 4198 2,3;
824 4140 855 4181 το
875 4113 1106 4197 προβόλλωμωό
1127 4140 1171 4182 πον
1194 4120 1296 4199 σοφῶν
1307 4118 1409 4183 habet
1425 4119 1468 4195 V,

285 4297 448 4354 receperunt:
484 4287 546 4339 ἀλλ’
571 4286 624 4340 ι’ότε
651 4293 679 4352 γ’
705 4286 846 4346 ἀποδόσεις
871 4289 907 4338 ri:
935 4285 1052 4351 χρήματ’
1078 4285 1131 4338 τότε
1161 4285 1198 4349 μή
1223 4315 1257 4328 -
1281 4304 1358 4341 nemo
1383 4295 1472 4339 tamen

285 4387 375 4422 eorum
401 4371 510 4436 explicat
535 4372 597 4437 quid
620 4372 664 4421 hic
689 4371 816 4437 significet
835 4387 878 4433 γε.
913 4371 998 4421 Nimis
1022 4370 1155 4437 violenter,
1172 4385 1220 4420 nec
1236 4379 1322 4421 temen
1337 4355 1468 4436 eleganter

287 4461 356 4519 (nam
382 4451 435 4503 (ότι
460 4453 496 4516 μή
521 4455 548 4505 in
573 4454 624 4504 fine
645 4470 732 4505 versus
748 4455 871 4505 maiorem
893 4455 946 4504 vim
967 4454 1062 4504 habere
1082 4454 1136 4504 iure
1152 4453 1270 4503 observat
1289 4471 1313 4504 v.
1330 4454 1469 4518 Leeuwen)

286 4536 410 4602 Blaydes:
429 4533 489 4585 ἀλλ’
507 4535 555 4589 llr'
572 4533 715 4595 ἄποδόποος
731 4535 784 4586 τότε
802 4537 838 4599 μῆ
856 4538 893 4587 τὰ
913 4535 1084 4600 mirarere-a

318 4619 340 4684 l)
359 4621 390 4669 In
407 4619 459 4669 hoc
477 4627 562 4672 tamen
579 4621 718 4671 seeundum
737 4620 943 4670 Herwerdeuurn
959 4626 997 4670 est
1012 4635 1038 4668 τι
1054 4619 1193 4684 προβάλλω
1212 4619 1258 4669 καί
1272 4636 1311 4670 τοι
1327 4621 1413 4684 σοφόν.
