3444 5396
822 493 862 574 85

253 681 379 766 recepit
402 681 559 746 librorum
576 683 639 749 RV
655 681 832 748 lectionem
855 677 988 759 ἔσβαινε.
1014 682 1102 746 Nam
1122 701 1322 765 quamquam
1337 682 1433 746 certis

252 807 455 890 argumentis
485 805 539 872 hic
571 807 629 872 vix
651 807 792 894 pugnari
814 815 926 891 potest
948 807 993 892 (in
1015 806 1181 892 plerisque
1206 807 1295 872 enim
1317 827 1433 872 eorum

251 948 386 1011 quoque
414 927 563 995 locorum
593 949 683 1015 quos,
707 930 751 996 ad
781 932 942 996 tuendum
971 926 1102 1009 ἔμβαινε
1135 931 1215 995 citat
1237 929 1432 1012 Blaydesius

250 1052 374 1116 incerta
403 1060 455 1116 est
483 1051 603 1136 lectio),
634 1053 837 1137 probabilius
866 1063 978 1120 tamen
1000 1061 1051 1118 est
1072 1053 1222 1118 librarios
1245 1048 1375 1130 ἔμβαινε
1398 1053 1431 1117 in

250 1169 385 1252 εἴσβαννε
406 1182 562 1250 mutasse,
587 1194 688 1258 quam
710 1176 842 1242 inversa
865 1177 992 1241 ratione
1015 1196 1073 1241 eos
1104 1177 1222 1260 egisse.
1268 1175 1431 1240 Praeterea

250 1296 277 1360 si
311 1292 447 1374 εἴσβαννε
479 1316 596 1361 verum
628 1306 726 1375 esset,
760 1299 822 1363 nisi
853 1299 986 1384 egregie
1017 1298 1110 1364 iallor
1142 1297 1287 1382 suppleri
1318 1305 1432 1380 posset

249 1413 384 1495 εἵσβαννε
405 1413 491 1496 siren
516 1419 607 1502 quod
631 1419 765 1486 minime
787 1420 884 1486 huius
907 1420 971 1487 loci
997 1430 1058 1486 est.

295 1537 420 1605 Omnes
442 1549 553 1605 autem
576 1541 719 1607 editores
742 1546 941 1609 recentiores
964 1544 1127 1628 sprevisse
1146 1551 1227 1627 puto
1241 1562 1353 1608 veram
1368 1540 1430 1606 lec

248 1663 374 1728 tionem
395 1667 483 1728 Plut.
511 1669 592 1743 1169,
615 1667 671 1748 qui
694 1666 742 1730 sic
769 1666 893 1731 editur:

970 1853 1023 1920 καὶ
1048 1852 1145 1920 πλῦνέ
1167 1876 1206 1932 γε

428 1976 523 2052 αὐτὸς
546 1978 716 2059 προσελθὼν
739 1976 813 2060 πρὸς
836 1977 872 2042 τὸ
895 1975 990 2060 φρέαρ
1013 1976 1074 2052 τας
1096 1975 1222 2051 κοιλίας.

293 2155 358 2221 Hic
392 2157 546 2234 editores,
574 2159 601 2222 si
629 2156 745 2222 melius
777 2156 1018 2222 consuluissent
1048 2156 1287 2222 Hemsterhusii
1314 2157 1426 2221 editio-

248 2297 333 2355 nem,
364 2281 566 2364 recepissent
593 2280 767 2346 lectionem
797 2281 950 2346 codicum
979 2281 1012 2347 V
1036 2289 1071 2345 et
1092 2279 1187 2345 Leid.
1214 2297 1243 2361 3,
1278 2278 1426 2343 Herwer-

247 2401 335 2466 deno
358 2423 488 2486 quoque
512 2403 686 2488 (Mnemos.
711 2401 825 2467 XXVI
846 2424 880 2485 p.
910 2401 981 2488 107)
1008 2402 1201 2486 probatam:

560 2590 654 2662 αὐτὸς
677 2588 846 2671 προσελθὼν
869 2589 910 2664 εἷς
932 2588 967 2654 τὸ
991 2585 1097 2671 Φρέαρ,

244 2768 309 2833 hoc
332 2769 420 2834 enim
443 2768 662 2854 „elegantiam
688 2768 813 2835 habere
843 2767 943 2853 paulo
965 2765 1232 2842 abstrusiorem”,
1255 2774 1344 2831 recte
1367 2763 1424 2830 ob·

245 2900 355 2957 servat
384 2891 579 2957 clarissimus
608 2892 747 2956 Luciani
780 2892 897 2956 editor.
944 2888 999 2955 Sic
1030 2890 1118 2954 enim
1151 2887 1223 2952 haec
1255 2888 1424 2972 iungenda

245 3023 338 3079 sunt:
370 3017 465 3078 πλῦνε
496 3013 537 3086 εἷς
559 3013 594 3078 τὸ
618 3011 725 3095 Φρέαρ,
750 3021 783 3077 et
807 3012 850 3077 ad
874 3009 1042 3092 προσελθὼν
1065 3019 1176 3074 mente
1199 3006 1421 3093 supplendum

244 3144 296 3201 est
318 3134 392 3216 πρὸς
413 3136 449 3201 τὸ
472 3133 570 3218 φρέαρ
591 3135 623 3220 ¹).

290 3315 328 3378 ln
350 3319 530 3380 Ranarum
548 3335 601 3382 ve.
619 3321 696 3396 853:

444 3499 541 3586 ἡδ’)
565 3505 625 3565 τῶν
650 3497 803 3582 χαλαζῶν
827 3498 864 3577 δ’,
888 3495 909 3565 ὦ
933 3497 1035 3580 πονήρ’
1059 3496 1219 3580 Εὐριπίδη,

443 3619 555 3700 ἄπαγε
577 3623 706 3689 σεαυτὸν
730 3621 874 3698 ἐκποδών,
897 3623 922 3688 si
945 3625 1117 3704 σωφρονεῖς,

241 3822 303 3883 pro
325 3797 436 3877 ἄπαγε
458 3802 583 3886 primus
605 3801 768 3889 Bergkius
791 3824 834 3867 ex
857 3803 1053 3868 Rauennate
1069 3801 1152 3867 libro
1167 3801 1294 3885 recepit
1308 3796 1417 3879 ἄναγε.

243 3923 353 4006 Quem
376 3925 478 3988 secuti
501 3933 578 3988 sunt
601 3925 744 3990 editores
767 3934 886 4010 praeter
904 3923 1128 4001 Dindorfium;
1145 3924 1261 3989 iniuria
1277 3933 1315 3987 ut
1329 3925 1419 3989 vide·

241 4053 303 4112 tur.
347 4041 489 4122 Ἀναγενν
519 4045 626 4111 ἑαυτὸν
657 4047 745 4110 enim
767 4045 931 4132 significat
954 4047 1063 4130 potius
1088 4045 1225 4124 „leniter
1250 4047 1416 4125 recedere,

273 4261 294 4322 1)
312 4259 435 4310 Similiter
450 4261 547 4325 Equiti.
565 4259 623 4326 804,
640 4261 683 4325 qui
700 4276 786 4310 versus
804 4267 870 4310 recte
887 4259 924 4311 sic
940 4261 1036 4311 editur:

375 4358 435 4408 ἀλλ’
453 4357 496 4408 ὑπ’
514 4357 628 4421 ἀνάγκης
645 4358 702 4420 ἅμα
719 4358 761 4408 καὶ
778 4359 867 4422 χρείας
885 4359 928 4410 καὶ
943 4359 1032 4421 μισθοῦ
1049 4362 1109 4423 πρός
1126 4377 1157 4410 σε
1175 4359 1271 4426 κεχήνῃ

240 4457 376 4508 scholiasta
393 4474 440 4524 pro
457 4460 517 4520 πρός
533 4459 610 4508 babet
628 4458 669 4516 εἷς.

272 4541 293 4603 ²)
310 4539 339 4591 in
360 4557 411 4591 van
428 4542 555 4592 Leeuwen
572 4571 606 4580 -
622 4557 679 4608 quae
695 4542 841 4608 praepositio
858 4558 942 4592 errore
960 4541 986 4593 in
1002 4543 1137 4593 nonnullis
1153 4543 1287 4595 codicibus
1303 4561 1350 4612 pro
1367 4546 1419 4597 ἀπὸ

242 4625 335 4690 legitur
353 4626 449 4692 Equiti.
468 4625 525 4693 728,
542 4627 627 4676 Nuba
648 4627 719 4692 1296.
