3444 5396
237 650 289 713 cui
312 649 510 714 Mercurius:

483 803 566 877 ποῖός
590 828 637 877 τις
659 799 706 870 οὖν
730 799 913 884 εἶναιδοκεῖ
928 805 970 872 τοὶ
994 806 1152 885 πολεμικοὶ

483 927 497 992 o‘
523 926 720 1007 Κλεώνυμος;

283 1075 382 1158 Quod
417 1077 451 1140 in
487 1077 517 1140 R
550 1069 599 1140 οὖν
633 1077 801 1152 omittitur,
837 1078 871 1141 id
906 1077 1009 1141 nihilo
1044 1079 1150 1162 magis
1172 1079 1206 1141 in
1229 1078 1293 1143 hoc
1317 1101 1413 1143 versu

239 1220 372 1264 movere
403 1220 464 1264 nos
495 1200 597 1264 debet
626 1221 726 1283 qoam
754 1201 788 1264 in
811 1200 935 1283 Equitt.
965 1203 1047 1282 1158
1072 1203 1161 1266 etin
1190 1201 1272 1266 Plut.
1297 1216 1360 1284 733
1375 1202 1414 1287 ¹);

239 1339 316 1381 usus
350 1326 463 1381 tamen
497 1327 548 1382 est
580 1317 644 1382 hoc
676 1319 757 1383 vitio
780 1317 950 1402 Bergkius,
975 1328 1011 1382 ut
1034 1328 1233 1402 proponeret
1255 1319 1358 1402 (Praes.
1383 1341 1416 1404 p.

239 1439 398 1522 XXVII):
435 1437 520 1512 τοῖός
555 1463 602 1512 τις
637 1433 711 1505 εἶναι
742 1439 787 1505 σοὶ
816 1439 900 1505 δοκεῖ
926 1438 968 1504 τοὶ
992 1439 1149 1519 πολεμικοὶ
1171 1441 1237 1516 uri,
1260 1477 1304 1491 -
1326 1443 1416 1525 quod

238 1562 353 1644 recipit
382 1581 447 1625 van
478 1561 691 1626 Herwerden.
722 1563 835 1646 Aegre
862 1572 974 1627 tamen
996 1561 1049 1626 hic
1072 1563 1227 1648 copulam
1252 1565 1414 1629 desidero.

283 1689 371 1749 Ανν.
390 1689 459 1764 285.
483 1683 603 1748 Callias
626 1685 673 1749 sic
698 1685 881 1749 deridetur:

372 1833 430 1904 dire
454 1838 515 1919 γὰρ
537 1836 575 1903 ὢν
598 1845 732 1916 γενναῖος
753 1838 812 1904 ὑπὸ
834 1844 894 1904 τῶν
921 1843 1122 1922 συκοφαντῶν
1141 1840 1285 1906 τίλλεται

374 1958 414 2026 αἶ’
430 1984 467 2026 τε
491 1961 607 2037 θήλειαν
631 1961 898 2043 προσεκτίλλουσιν
922 1964 1015 2027 αὐτοῦ
1039 1961 1081 2028 τοὶ
1107 1961 1217 2044 ττεοοὶ.

282 2139 467 2203 Articulum
490 2145 550 2205 τῶν
572 2140 625 2205 hic
649 2140 716 2205 sere
738 2142 959 2206 necessarium
983 2163 1057 2205 esse
1082 2143 1258 2206 ostendere
1292 2143 1421 2206 videtur

238 2257 278 2326 ai
295 2262 328 2326 in
351 2283 447 2326 versu
470 2265 638 2346 sequenti;
663 2265 759 2328 deest
782 2273 893 2328 tamen
918 2265 951 2327 in
975 2263 1146 2327 codicibus
1169 2264 1307 2340 RVAB,
1332 2264 1420 2328 unde

240 2384 330 2448 nullo
357 2387 436 2462 iure,
460 2396 496 2450 ut
518 2387 658 2462 videtur,
682 2386 816 2470 Kochly
840 2386 901 2450 ὑπὸ
924 2409 960 2450 τε
985 2390 1189 2468 συκοφαντῶν
1211 2385 1355 2450 τίλλεται
1378 2425 1422 2434 -

240 2509 330 2591 quod
354 2517 548 2592 receperunt
571 2508 724 2573 Meineke
748 2517 782 2572 et
804 2508 912 2572 Kock.

282 2631 369 2692 Ran.
389 2633 460 2707 546.
496 2628 638 2704 „Nonne
672 2627 843 2691 ridiculum
874 2627 981 2692 esset'’
1010 2629 1125 2691 -sic
1156 2627 1350 2692 Bacchus—
1374 2629 1421 2705 „si

240 2748 385 2812 Xanthia
415 2748 612 2813 saltatricem
635 2750 668 2813 in
692 2749 845 2833 amplexu
868 2759 1012 2826 tenente,
1036 2770 1101 2834 ego
1124 2749 1260 2814 ministri
1285 2770 1420 2814 munere

244 2869 335 2954 fungi
360 2871 527 2948 deberem,

534 3015 618 3093 οὗτος
640 3019 668 3084 δ’
692 3013 744 3085 οἵτ’
768 3016 805 3083 ὢν
828 3019 922 3093 αὐτὸς
946 3022 1116 3101 πανοῦργος
1196 3025 1199 3032 ’

534 3135 612 3219 εἶδε,
634 3138 706 3225 κᾷτ’
732 3141 765 3206 ἐκ
788 3149 843 3217 τῆς
864 3139 975 3220 wallon

538 3261 604 3341 τὺξ
628 3261 780 3341 τατοὶξας
802 3263 867 3328 κτὲ.

289 3420 344 3485 Sic
367 3421 507 3504 legimus
531 3421 564 3485 in
587 3420 620 3485 V
643 3430 677 3485 et
700 3420 809 3484 multis
832 3419 903 3484 aliis
926 3420 1112 3497 codicibus;
1136 3441 1221 3503 quos
1243 3421 1300 3503 qui
1319 3421 1424 3484 secuti

244 3553 320 3608 sunt
342 3543 519 3619 Fritzsche,
543 3543 694 3619 Dindors,
717 3543 814 3608 Kock
837 3551 894 3607 aut
915 3563 1032 3626 parum
1054 3564 1177 3619 secum,
1201 3543 1327 3627 opinor,
1352 3540 1423 3627 per·

245 3667 432 3750 penderunt
462 3667 541 3749 quid
571 3665 624 3730 hic
647 3665 809 3750 significet
829 3664 923 3738 αὐτὸς
945 3675 1001 3731 aut
1024 3665 1209 3750 probabilia
1231 3667 1422 3751 excogitare

243 3808 310 3853 non
343 3797 538 3872 potuerunt:
574 3788 652 3852 mihi
686 3797 775 3853 certe
809 3789 911 3852 nihilo
935 3789 1041 3872 aptius
1065 3809 1166 3872 quam
1192 3788 1300 3870 ipsum
1328 3786 1423 3861 αὐτὸς

245 3931 318 3975 esse
352 3911 481 3974 videtur
510 3910 545 3973 id
577 3910 667 3993 quod
698 3910 928 3994 explicationis
957 3910 1032 3975 loco
1055 3918 1192 3974 annotat
1215 3908 1313 3973 Kock
1336 3911 1423 3984 „iam

245 4055 305 4117 per
330 4053 366 4097 se
396 4033 478 4116 ipse,
512 4032 596 4098 auch
627 4032 716 4097 ohne
747 4032 856 4109 dies'’;
888 4053 996 4115 neque
1027 4031 1183 4116 intellego
1213 4032 1292 4115 quid
1323 4030 1424 4096 lucre·

246 4176 327 4231 mur,
362 4156 399 4230 si,
434 4156 468 4218 id
498 4155 588 4238 quod
618 4155 767 4219 fecerunt
795 4153 955 4238 Bergkius
984 4163 1019 4218 et
1048 4154 1242 4229 Meinekius,
1273 4152 1365 4224 αὐτὸς
1391 4154 1424 4217 in

245 4275 358 4348 καύτὸς
387 4285 560 4340 mutamus.
608 4277 671 4341 Hic
705 4277 792 4341 viam
823 4277 866 4340 ad
889 4296 1001 4341 verum
1032 4277 1178 4341 indicant
1208 4277 1238 4340 R
1270 4283 1305 4339 et
1331 4274 1423 4339 multi

247 4397 300 4463 alii
341 4398 424 4474 libri,
468 4399 502 4462 in
540 4398 658 4482 quibus
700 4399 857 4462 omissum
900 4407 950 4462 est
992 4395 1100 4475 αὐτός;
1146 4399 1236 4482 quod
1275 4398 1424 4462 additum

281 4610 302 4675 1)
320 4610 420 4662 Eodem
436 4609 501 4662 vitio
514 4611 538 4660 V
554 4610 671 4660 laborant
687 4611 784 4674 Equitt.
802 4619 860 4676 544,
877 4607 1020 4672 Nubb.4o8
1037 4613 1155 4675 (negante
1164 4608 1279 4676 Cobeto),
1290 4609 1355 4664 Αυυ.
1370 4618 1426 4674 179.
