3444 5396
893 449 934 531 58

365 636 538 702 Nonnullis
569 637 711 720 denique
743 635 824 702 locis
856 645 962 701 metro
992 635 1097 701 invito
1129 636 1242 700 addita
1266 644 1317 699 est
1340 635 1506 720 particula

321 752 382 834 γάρ
403 755 432 839 ¹).
479 755 534 822 Sic
557 759 628 822 Pae
647 761 724 820 6102

411 935 480 1006 εἶτα
504 938 665 1021 Περικλέης
687 937 834 1020 φοβηθεὶς
857 938 902 1017 μη
927 934 1121 1022 μετοθτχον’)
1145 945 1201 1013 τῆς
1224 935 1337 1020 τύχης,

409 1061 470 1136 τθος
491 1062 601 1144 φύσεος
623 1062 706 1140 ὑμῶν
730 1059 868 1134 δεδοικὼς
889 1060 942 1126 καὶ
966 1061 1017 1126 τὸν
1040 1059 1180 1137 αὐτοδὰξ
1203 1059 1323 1141 τρόπον,

411 1183 478 1264 πρὶν
503 1185 608 1248 παθεῖν
630 1206 660 1248 το
684 1182 774 1248 δεινὸν
796 1184 890 1256 αὐτὸς
912 1181 1066 1265 ἐξέφλεξε
1088 1183 1144 1257 την
1169 1181 1265 1248 τθλον.

409 1304 559 1382 ἐμβαλὼν
582 1307 727 1386 ττννθῆρα
750 1305 853 1387 μικρὸν
875 1309 1050 1386 Μεγαρικοῦ
1074 1305 1294 1387 ψηφίσματος,

410 1427 598 1510 ἐξεφύσησεν
621 1433 761 1495 τοσοῦτον
786 1427 922 1507 πόλεμον
946 1425 1025 1493 ὥστε
1048 1429 1091 1510 τῷ
1113 1429 1221 1510 κατνῷ

415 1549 538 1624 πάντας
560 1557 716 1627 Ἕλληνας
739 1551 897 1632 δακρῦσαι,
920 1551 990 1626 τούς
1013 1560 1043 1617 τ’
1066 1551 1131 1616 ἐκεῖ
1149 1550 1220 1624 τούς
1243 1552 1271 1615 τ’
1297 1549 1399 1616 tutele

319 1733 353 1795 in
377 1732 404 1794 B
429 1741 480 1796 est
503 1728 676 1812 ἕξεφθσητε
700 1729 771 1812 γαρ,
796 1741 902 1796 metro
925 1732 1028 1797 invito
1043 1731 1076 1816 ³).

367 1853 453 1935 Quae
476 1852 664 1919 observatio
687 1873 800 1918 ansam
816 1852 941 1936 praebet
956 1853 1145 1937 disputandi
1160 1854 1202 1918 de
1218 1859 1346 1934 Equitt.
1365 1860 1404 1933 85
1423 1874 1499 1933 sqq.
1545 1880 1549 1887 ¹

324 1974 518 2058 „Optimum
541 1976 637 2041 nobis
660 1977 752 2054 erit,''
777 1977 822 2041 ibi
845 1977 956 2042 Nicias
980 1977 1069 2052 dicit,
1094 1977 1310 2060 „sanguinem
1335 1977 1500 2041 taurinum

322 2095 470 2160 bibendo
494 2104 633 2160 mortem
657 2095 856 2178 oppetere'’;
880 2103 959 2158 tunc
981 2094 1243 2159 Demosthenes:

521 2282 570 2362 μοὶ
596 2280 636 2346 nl
643 2284 649 2309 ¹
674 2283 748 2347 ἀλλ’
771 2279 902 2363 ἄκρατον
926 2275 998 2346 οἶνον
1021 2282 1138 2360 ἀγαθοῦ
1163 2281 1315 2360 δαίμονος·

523 2403 594 2478 ἴσως
616 2403 677 2485 γὰρ
701 2401 738 2468 θον
762 2402 896 2485 χρηστόν
919 2428 949 2468 τι
973 2403 1229 2482 βουλευσαίμεθα.

366 2585 561 2668 Respondet
583 2581 681 2649 alter:

523 2769 588 2835 ἴδον
613 2772 645 2848 γ’
670 2767 811 2852 θοκρατον.
838 2769 905 2851 περὶ
930 2769 1024 2835 τθτον
1049 2775 1121 2848 γοῦν
1144 2771 1212 2836 ἐστί
1233 2794 1286 2836 τοι.

366 2951 495 3015 Horum
525 2969 678 3015 versuum
709 2971 822 3014 verum
853 2951 1005 3015 ordinem
1035 2950 1279 3037 (85-87—86)
1307 2951 1334 3014 si
1357 2952 1497 3016 restituit

321 3073 473 3138 Meiueke
496 3074 607 3158 (Vind.
632 3072 691 3138 Ar.
716 3094 748 3156 p.
774 3073 838 3158 51),
863 3071 1004 3137 dubitari
1027 3093 1094 3137 non
1110 3082 1220 3157 potest
1236 3072 1315 3157 quin
1331 3072 1496 3138 reicienda

318 3198 360 3262 sit
401 3195 559 3281 particula
599 3194 670 3276 γάρ,
712 3216 811 3279 quam
852 3215 913 3279 pro
956 3198 1028 3272 γοῦν
1071 3195 1134 3279 (vel
1172 3196 1204 3272 γ’
1241 3189 1288 3260 οὖν
1323 3203 1359 3259 ut
1392 3197 1496 3260 edunt

321 3318 419 3384 Kock
448 3328 482 3384 et
505 3317 639 3405 Zacher)
670 3319 819 3403 praebent
842 3317 886 3384 V²
909 3327 942 3383 et
965 3317 1019 3383 alii
1042 3316 1190 3383 nonnulli
1213 3317 1354 3394 codices,
1379 3318 1495 3394 „inter-

320 3439 488 3526 polatione
511 3441 704 3506 manifesta’‘
729 3440 917 3527 (Meineke).
941 3440 1136 3523 Blaydesius
1159 3449 1271 3505 tamen
1287 3449 1421 3524 recepto
1434 3437 1495 3520 νθρ

321 3563 454 3629 retinuit
482 3572 629 3628 veterem
659 3583 812 3628 versuum
844 3563 1010 3641 ordinem;
1033 3571 1070 3627 at
1090 3582 1187 3627 versu
1213 3564 1254 3646 87
1278 3571 1355 3647 post
1377 3581 1426 3626 vs.
1452 3563 1492 3643 85
1530 3645 1538 3662 .

352 3819 373 3884 1)
392 3819 455 3884 Quae
471 3835 519 3886 eg.
536 3820 613 3871 etiam
631 3819 709 3886 Soph.
728 3820 759 3871 O.
777 3820 806 3870 C.
827 3820 891 3884 1776
908 3816 936 3869 oi
953 3819 1005 3882 γὰρ
1021 3816 1064 3868 δεῖ
1079 3820 1107 3880 μ’
1124 3816 1279 3879 ἀποκάμνειν
1297 3825 1377 3868 metro
1393 3817 1495 3868 iubente

320 3903 353 3953 ab
371 3904 519 3955 Hermanno
536 3903 619 3954 deleta
636 3911 682 3954 est.

353 3983 514 4050 ἣμιτθτχη
540 3987 640 4037 codices
665 3994 753 4051 praeter
778 3988 834 4053 RV,
857 3985 927 4052 quod
943 3985 1037 4035 iniuria
1054 3985 1144 4036 retinet
1160 3986 1276 4052 Richter;
1293 3984 1409 4048 φοβηθείς
1426 3983 1496 4034 enim

320 4077 356 4120 est
373 4069 411 4120 θτο
429 4065 546 4130 ἐφοβήθη,
563 4070 634 4134 sequi
652 4069 729 4133 igitur
745 4069 821 4119 debet
838 4070 972 4134 optativus.

353 4150 372 4214 θ)
406 4151 482 4216 Quod
508 4151 541 4200 ad
565 4153 713 4202 sententiam
738 4153 844 4202 minime
870 4153 984 4216 ineptum
1010 4160 1047 4203 est
1073 4151 1133 4214 γάρ,
1150 4167 1198 4202 nec
1215 4161 1300 4203 tamen
1317 4151 1494 4202 necessarium.

321 4233 438 4284 Ceterum
464 4249 525 4284 num
550 4235 724 4300 recipiendum
750 4237 782 4286 sit
808 4235 877 4300 quod
901 4236 1034 4302 proposuit
1050 4236 1180 4286 Bentlelus
1198 4232 1374 4298 καξτφθσητεν
1391 4235 1493 4302 dubito;

320 4315 373 4366 fieri
399 4317 467 4367 enim
493 4323 573 4382 potest
590 4325 617 4368 ut
634 4333 719 4368 verum
736 4319 829 4368 viderit
845 4319 977 4385 Bergkius,
994 4321 1040 4384 qui
1056 4336 1089 4370 ne
1106 4335 1157 4368 una
1174 4318 1277 4386 quidem
1292 4319 1376 4368 littera
1392 4325 1495 4384 mutata,

322 4399 395 4464 plene
414 4401 643 4465 interpungendum
660 4403 757 4454 censuit
774 4410 832 4467 post
848 4406 922 4452 πάλιν
939 4404 965 4451 in
982 4419 1019 4452 vs.
1037 4402 1094 4453 608.

320 4481 413 4612 Plelliu
430 4481 558 4548 porticulre
575 4483 626 4546 γάρ
645 4484 745 4536 insertus
762 4485 878 4552 exempla
896 4485 1058 4536 inveniuntur
1075 4487 1161 4536 Nubb.
1180 4498 1237 4552 294,
1257 4498 1284 4536 ιι
1289 4483 1334 4553 583
1346 4487 1421 4553 Vesp.
1432 4500 1495 4557 2443

351 4569 384 4612 ut.
402 4572 459 4628 350.
