3434 5394
318 519 382 568 V111
885 540 930 552 -

256 749 259 753 ,
319 711 395 753 nem
418 691 529 754 dicere
554 691 670 773 possis.
717 689 822 753 Immo
839 697 944 753 -tot
956 697 1112 772 tantaque
1124 690 1193 754 eius
1204 696 1281 753 sunt
1291 690 1382 764 vitia,
1396 698 1431 753 ut
1442 699 1498 754 tae·

317 813 408 877 dium
431 833 504 878 eam
526 812 709 896 perlegenti
732 813 911 896 saepissime
926 814 986 876 tibi
999 812 1165 877 oboriatur
1187 821 1221 876 et
1235 814 1380 890 „utinam
1392 814 1498 878 editor

318 944 375 999 aut
398 934 505 999 nullos
529 944 668 999 autnon
681 935 765 1000 tales
777 935 934 999 edidisset
948 934 1266 1000 libros”exclames.
1292 934 1363 999 Nec
1385 944 1497 1000 tamen

319 1078 387 1123 non
422 1078 543 1141 magna
577 1067 652 1122 sunt
687 1058 853 1140 Blaydesii
880 1059 1007 1122 merita.
1054 1056 1119 1140 Qui
1151 1065 1241 1122 stans
1264 1061 1351 1141 pede
1375 1059 1408 1122 in
1432 1079 1497 1122 uno

320 1181 362 1246 ad
398 1201 499 1244 unum
533 1200 664 1244 versum
689 1179 740 1244 vel
764 1179 922 1244 tredecim
942 1179 962 1264 ¹)
985 1181 1141 1263 proponit
1171 1181 1385 1258 coniecturas,
1409 1180 1498 1243 idem

317 1313 386 1368 tam
421 1312 586 1367 versatum
619 1323 656 1366 se
691 1323 764 1366 esse
800 1303 945 1366 ostendit
968 1303 1000 1365 in
1025 1301 1148 1366 Graecis
1171 1301 1394 1386 scriptoribus,
1418 1324 1497 1386 prae·

318 1425 430 1489 sertim
457 1426 490 1488 in
521 1424 628 1507 poetis
650 1424 797 1500 scenicis,
822 1432 857 1487 ut
880 1444 1049 1507 nunquam
1074 1423 1141 1488 fere
1165 1423 1302 1488 alicuius
1325 1423 1498 1489 locutionis

319 1545 475 1630 exempla
505 1545 621 1610 frustra
651 1546 740 1629 apud
768 1567 844 1609 eum
873 1565 1000 1628 quaeras
1016 1546 1048 1630 2),
1084 1547 1175 1629 quod
1198 1547 1293 1610 nobis
1316 1549 1498 1630 praesertim

319 1670 510 1745 iunioribuS,
535 1671 591 1750 qui
613 1669 761 1733 tirocinia
779 1668 888 1732 adhuc
900 1670 1053 1753 ponimus
1065 1669 1098 1732 in
1112 1669 1162 1733 his
1174 1670 1300 1744 studiis,
1313 1689 1495 1753 permagno

320 1800 370 1856 est
405 1792 487 1855 usui.
534 1792 706 1854 Librorum
741 1800 902 1875 praeterea
933 1793 1228 1874 manuscriptorum
1251 1794 1306 1873 qui
1332 1793 1397 1855 iam
1422 1801 1497 1856 sunt

319 1916 449 1978 excussi
479 1916 625 1978 omnium
651 1922 888 1978 commemorat
912 1913 1087 1990 lectiones;
1120 1914 1210 1994 quod
1234 1915 1362 1978 etiamsi
1388 1915 1496 1998 negle-

319 2038 449 2121 gentius
484 2045 518 2100 et
551 2057 666 2119 parum
701 2044 852 2100 accurate
887 2035 1009 2112 fecerit,
1043 2044 1154 2100 tamen
1183 2037 1215 2098 in
1240 2038 1277 2099 iis
1301 2036 1495 2102 lectionibus

318 2159 456 2223 citandis
486 2179 560 2241 quae
592 2159 722 2222 maioris
746 2167 820 2221 sunt
843 2160 1010 2233 momenti,
1034 2179 1091 2220 cur
1114 2158 1214 2222 fidem
1238 2159 1277 2222 ei,
1292 2160 1494 2242 denegemus

317 2281 471 2363 equidem
505 2302 571 2344 non
607 2282 723 2358 video;
759 2301 866 2363 neque
889 2301 978 2364 saepe
1001 2290 1164 2345 errantem
1188 2302 1263 2345 eum
1287 2281 1490 2364 deprehendi

317 2403 374 2467 ubi
397 2404 475 2486 quid
498 2404 634 2487 singulis
659 2403 840 2468 editoribus
862 2424 976 2467 verum
1001 2404 1108 2467 visum
1130 2405 1172 2467 sit
1195 2413 1333 2468 enarrat.
1350 2403 1374 2489 ³)

361 2524 488 2591 Ceterae
519 2535 629 2588 autem
659 2525 820 2589 editiones
845 2545 982 2607 quarum
1006 2527 1166 2589 rationem
1194 2524 1293 2589 habui
1318 2534 1394 2589 sunt
1416 2524 1485 2588 hae:

361 2647 598 2730 Aristophanis
623 2648 805 2713 Cainoedioe
831 2648 883 2710 ed.
911 2647 1033 2732 Bergk.
1061 2648 1123 2710 Ed.
1152 2647 1264 2722 altera,
1296 2648 1384 2724 1,11.
1418 2647 1492 2730 Lip-

345 2860 348 2865 .
453 2771 520 2846 siae,
548 2772 643 2852 1857.

361 2893 596 2977 Aristophanis
622 2893 804 2958 Comoedia
826 2894 879 2957 ed.
903 2894 1065 2957 Meinehe.
1090 2893 1115 2970 1,
1140 2893 1181 2955 11.
1206 2894 1336 2976 Lipsiae,
1365 2893 1459 2956 1860.

366 3017 595 3099 Aristophanis
632 3018 813 3082 Comoedia
847 3018 899 3081 ed.
939 3017 1093 3098 Dindorf
1120 3016 1164 3099 (in
1203 3016 1310 3079 Poetis
1349 3014 1494 3080 Scenicis

452 3137 573 3202 Graecis
596 3139 658 3202 Ed.
683 3140 735 3223 V).
761 3139 890 3222 Lipsiae,
921 3140 1013 3220 1869.

362 3385 598 3469 Ausgewa'hlte
610 3384 792 3449 Kamhdien
804 3386 861 3450 des
873 3385 1121 3467 Aristophanes,
1134 3383 1252 3449 erkliirt
1264 3405 1330 3448 von
1349 3383 1379 3447 Τ
1376 3382 1498 3448 hendor

451 3509 552 3573 Koch.
599 3507 718 3584 Berlin,
743 3509 954 3572 Weidmann.

575 3632 600 3694 1.
646 3632 712 3696 Die
742 3631 1200 3715 Wolhen,Vie1teAuflage.
1229 3633 1322 3712 1894.

557 3754 598 3817 11.
645 3754 711 3818 Die
733 3753 851 3830 Ritter,
876 3754 984 3817 Dritte
1007 3752 1159 3836 Auflage.
1189 3755 1282 3818 1882.

542 3877 599 3940 111.
646 3877 712 3940 Die
735 3875 887 3952 Fro'sche,
912 3875 1024 3940 Vierte
1048 3875 1201 3958 Auflage.
1231 3877 1326 3957 1894.

543 4000 602 4064 IV.
648 3999 714 4062 Die
745 3998 855 4082 Vo'gel,
878 3999 986 4061 Dritte
1009 3997 1163 4081 Auflage.
1192 3999 1286 4080 1898.

352 4293 373 4358 1)
392 4295 425 4345 Ut
441 4294 474 4342 ad
491 4295 568 4360 Vesp.
589 4306 659 4357 1223.
818 4356 821 4362 Ι

349 4377 370 4438 2)
386 4376 486 4442 Lepide
503 4378 536 4426 ad
553 4377 617 4427 Plut.
636 4376 683 4443 785
696 4383 812 4428 annotat:
824 4377 911 4444 „cuius
926 4378 1118 4429 constructionis
1127 4378 1242 4444 exempla
1250 4393 1331 4442 pauca
1340 4378 1494 4444 apponam&

319 4469 343 4511 et
359 4460 419 4510 citat
437 4460 530 4510 deinde
547 4477 600 4510 non
617 4461 700 4511 minus
717 4476 794 4526 quam
811 4461 995 4528 quinquaginta
1012 4463 1059 4512 tria
1076 4462 1201 4526 exempla.

351 4541 372 4606 ³)
392 4543 455 4606 Quae
480 4544 531 4594 sint
555 4544 729 4608 Blaydesianae
757 4544 879 4594 editionis
904 4545 1002 4610 merita,
1029 4560 1085 4610 quae
1110 4543 1181 4611 vitia,
1218 4544 1361 4610 aequissime
1392 4545 1495 4609 exponit

316 4627 349 4676 K.
369 4626 465 4676 Zacher
482 4627 509 4677 iu
526 4627 653 4678 Bursian's
667 4627 869 4694 Jahresberichte
885 4628 977 4694 LXXI,
995 4643 1020 4692 p.
1040 4624 1102 4676 128α
1120 4643 1175 4694 sqq.
