3434 5394
765 551 800 598 11

239 723 328 786 Rsn.
356 739 420 800 907
446 719 504 799 μὲν
526 721 681 786 omittunt
702 720 777 786 RV.
812 722 979 787 Fortuitus
1001 730 1039 786 ut
1059 721 1113 787 lric
1135 723 1178 787 sit
1196 741 1375 788 consensus

194 839 290 906 facile
321 840 390 906 fieri
420 850 541 925 potest,
574 861 651 906 nam
681 842 761 907 alibi
792 863 925 927 quoque
956 842 1023 923 μὲν,
1053 846 1139 910 sicut
1168 843 1280 910 multae
1301 844 1375 910 aliae

193 964 373 1049 particule,
400 965 558 1029 omittitur
582 974 616 1030 et
638 966 672 1030 in
694 965 727 1031 V
749 966 791 1050 (e.
816 985 849 1049 g.
873 967 948 1030 Pac.
975 981 1052 1049 739,
1075 966 1158 1032 Plut.
1181 970 1260 1052 422)
1284 977 1318 1033 et
1340 969 1375 1032 in

194 1087 225 1150 R
256 1088 296 1170 (e.
328 1109 360 1172 g.
391 1087 503 1152 Nubb.
544 1100 624 1170 1355
653 1086 731 1175 [sec.
760 1088 1021 1154 Herwerdenum
1037 1089 1057 1174 ι)
1082 1099 1116 1154 et
1138 1089 1306 1155 Ferraium
1321 1088 1374 1178 ¹)]‚

193 1209 277 1275 Plut.
303 1212 379 1292 819,
408 1212 513 1294 1118).

240 1379 330 1438 Ran.
357 1391 412 1453 971
437 1372 492 1451 'yn
517 1395 617 1438 omm.
642 1375 715 1450 RV,
740 1382 776 1438 ut
799 1375 878 1439 dicit
900 1374 1047 1453 Schnee3
1072 1376 1255 1440 accuratius
1278 1376 1375 1441 dixis·

195 1502 246 1561 set
282 1499 442 1576 σωφρονεῖν
474 1516 536 1579 pro
572 1496 627 1573 'yn
667 1500 783 1577 Φρονεῑν
817 1497 882 1561 RV
918 1533 962 1546 —
991 1497 1052 1562 sed
1082 1517 1123 1562 ne
1153 1496 1217 1562 hoc
1239 1498 1374 1581 quidem

193 1635 329 1698 prorsus
359 1617 650 1681 contemnendum.
685 1617 806 1681 Iniuria
834 1625 947 1681 autem
970 1617 1184 1682 Fritzschium
1206 1619 1292 1682 hanc
1313 1618 1376 1683 lec·

194 1737 321 1801 tionem
343 1738 508 1822 recepisse
532 1759 652 1803 censeo
674 1739 737 1803 hac
760 1740 803 1805 de
827 1758 927 1803 causa
951 1739 1040 1822 quod
1056 1747 1132 1824 post
1146 1739 1226 1804 talia
1241 1740 1375 1804 minime

195 1864 273 1939 apte
290 1868 478 1940 sequuntur
502 1859 652 1938 λογισμὸν
674 1858 766 1934 ἐνθεὶς
795 1868 835 1941 τῇ
860 1858 959 1942 τέχνῃ
982 1859 1034 1925 καὶ
1058 1858 1182 1941 cnido:
1206 1861 1376 1925 ratiocina-

194 1979 340 2044 tionibus
366 1982 433 2045 suis
456 1983 631 2066 Euripides
654 1992 858 2066 spectatores
882 1981 1068 2047 fabularum
1092 2003 1225 2048 suarum
1248 2005 1289 2048 eo
1304 2003 1376 2066 per·

194 2100 298 2178 duxit,
334 2111 392 2180 „ut
425 2102 502 2168 talia
536 2124 648 2168 secum
682 2113 872 2188 reputarent
906 2113 940 2169 et
973 2105 1189 2189 cogitarent‚”
1222 2126 1290 2170 non
1317 2116 1376 2183 „ut

193 2221 314 2287 talibus
338 2225 371 2286 in
396 2225 494 2289 rebus
518 2225 668 2289 modeste
692 2246 729 2291 se
752 2225 937 2310 gererent.''

238 2462 315 2527 Duo
345 2463 444 2548 igitur
473 2463 527 2528 vel
549 2473 616 2528 tres
639 2473 768 2529 tantum
791 2475 915 2531 restant
936 2465 1011 2542 loci,
1036 2467 1093 2551 qui
1116 2465 1219 2550 paulo
1242 2467 1374 2532 maioris

193 2585 352 2649 momenti
376 2606 448 2650 esse
470 2586 574 2651 videri
596 2597 745 2669 possunt.
781 2586 831 2650 At
853 2587 933 2670 quid
955 2587 989 2650 hi
1013 2586 1258 2652 demonstranti
1287 2589 1374 2652 Eun·

194 2706 271 2771 dem
294 2707 480 2772 Ravennati
503 2729 543 2773 ac
565 2709 699 2773 Veneto
721 2711 755 2773 in
778 2710 876 2773 huius
901 2708 1021 2772 labulae
1044 2709 1193 2774 versibus
1217 2711 1374 2795 Ιι-ῐοο8

197 2827 297 2896 fuisse
328 2831 474 2914 patrem?
509 2832 618 2898 Valde
653 2831 817 2897 mehercle
852 2832 1025 2897 dissimiles
1059 2842 1129 2897 tum
1162 2834 1248 2897 inter
1281 2853 1317 2897 se
1340 2832 1374 2896 hi

198 2950 329 3016 fratresl
365 2953 421 3016 An
444 2953 611 3018 Venetum
628 2955 832 3018 Ravennatis
849 2973 922 3019 esse
938 2953 1062 3018 lilium?
1085 2952 1140 3018 Sic
1155 2953 1243 3018 valet
1257 2955 1378 3018 veteris

197 3083 298 3158 poetae
321 3075 462 3139 dictum:

378 3228 489 3310 παῦροί
509 3253 554 3294 τοι
578 3228 696 3304 παῖδες
719 3229 776 3309 μὲν
800 3234 893 3309 ὁμοῖοι
917 3229 1012 3311 πατρὶ
1038 3227 1194 3305 πέλονται,

197 3419 259 3464 suo
282 3406 394 3466 autem
416 3398 555 3465 sortasse
578 3401 648 3465 iure
670 3401 822 3465 Venetus
846 3398 1031 3466 exclamare
1053 3401 1191 3485 poterit:

332 3573 422 3651 ἡμεῖς
445 3595 490 3637 τοι
515 3569 655 3652 πατέρων
682 3569 756 3650 μέγ’
779 3570 934 3650 ἀμείνονες
956 3569 1102 3652 εὐχόμεθ’
1126 3566 1209 3645 εἶναι,

197 3777 242 3788 -
271 3744 332 3807 sed
367 3742 453 3807 unde
484 3742 641 3806 maiorem
673 3739 763 3804 illam
789 3739 943 3804 virtutem
965 3739 1098 3815 habeat,
1122 3739 1287 3821 explicare
1310 3759 1377 3802 non

198 3865 329 3949 poterit.
365 3863 579 3942 „Communis
603 3863 731 3946 utrique
755 3861 816 3927 fuit
838 3860 932 3926 lons''
955 3898 1001 3911 -
1023 3872 1059 3926 at
1080 3882 1180 3944 quam
1197 3860 1377 3945 longinque

198 3986 242 4052 ab
265 3987 330 4052 hoc
353 3985 444 4052 sonte
465 3993 603 4068 uterque
626 3984 746 4050 distat?

245 4110 296 4173 Ne
319 4108 431 4174 multa.
478 4107 678 4173 Difficillime
699 4115 750 4172 est
771 4114 843 4171 tota
865 4106 947 4172 haec
971 4105 1121 4189 quaestio,
1142 4106 1302 4187 adquam
1316 4103 1378 4168 sol·

229 4389 250 4453 1)
268 4389 348 4440 Cuius
364 4389 426 4440 libri
441 4388 598 4438 Ravennatis
615 4387 719 4438 collatio
736 4403 818 4453 nuper
834 4387 939 4437 demum
952 4386 1051 4453 prodiit
1060 4386 1088 4436 in
1095 4387 1263 4452 Mnemosyne
1274 4387 1377 4452 (XXVI,

197 4489 224 4540 p.
241 4487 276 4539 94
292 4476 347 4541 sq.),
364 4473 452 4523 addita
468 4472 560 4522 Veneti
578 4471 715 4522 collatione
732 4487 748 4520 n
764 4470 863 4521 Cobeto
881 4470 945 4520 olim
961 4470 1086 4522 confecta.

231 4557 251 4619 2)
268 4558 332 4608 Haec
349 4556 453 4607 collatio
471 4563 550 4606 exstat
565 4555 593 4604 in
610 4553 753 4620 appendice
772 4554 895 4604 editionis
912 4553 980 4604 notis
992 4553 1081 4604 italice
1090 4552 1239 4618 conscriptis
1248 4551 1377 4602 instructoe

196 4651 275 4701 qnam
291 4636 389 4687 curavit
405 4635 507 4687 Achille
525 4634 605 4685 Coen.
