3444 5396
815 501 859 582 69

243 685 296 750 καὶ
320 686 392 758 ποὺς
415 686 496 761 θεοὺς
519 683 662 759 Αἴσωπος
684 685 835 764 ε’μπλέκει
858 685 980 766 μθθοιςς
997 686 1119 750 Aesch.
1140 686 1247 748 Prom.
1264 683 1346 747 610:
1372 684 1424 748 οὐκ

244 807 408 887 ἐμπλέκων
430 807 617 887 αἰνίγματα.

288 935 470 1011 Avv.1381.
512 931 575 994 Pro
599 928 815 1011 λιγύφθογγος
838 929 938 1005 entur
961 939 983 991 Β
1007 938 1040 994 et
1063 929 1173 992 Haun.
1193 926 1319 991 habent
1338 922 1422 1002 λιγθ-

244 1051 338 1130 μυθος
359 1051 403 1127 ολ,
427 1052 519 1134 quod
542 1053 575 1115 in
600 1053 732 1117 Veneto
755 1074 817 1137 pro
837 1054 928 1116 varia
945 1051 1086 1116 lectione
1103 1052 1230 1114 citatur.
1254 1048 1292 1111 ln
1309 1048 1423 1112 codice

242 1183 265 1237 Γ
288 1181 482 1238 annotatum
505 1185 572 1239 est:
597 1197 646 1256 γρ.
670 1173 838 1253 λιγύμοθος
862 1174 878 1250 ἢ
899 1171 1107 1254 λιγθμοχθος;
1135 1173 1168 1234 in
1192 1169 1322 1234 scholiis
1345 1168 1422 1253 legi·

243 1317 315 1360 mus
338 1293 531 1377 λιγθμοχθον
543 1296 564 1382 ¹)
588 1294 650 1379 ἔφη
674 1295 724 1360 διὰ
740 1296 792 1360 τὸν
808 1295 926 1377 μόχθοι
941 1294 994 1360 καὶ
1011 1293 1062 1359 τὸν
1078 1294 1173 1375 θρῆνοι
1189 1293 1242 1357 τὸν
1258 1287 1419 1366 ἡδυποέτοις

241 1544 338 1620 rupto
369 1533 536 1614 λιγθμιιθος
566 1545 675 1600 ortum
706 1555 797 1614 esse;
822 1535 886 1599 hoc
911 1543 1021 1599 autem
1044 1533 1210 1618 glossema
1236 1553 1309 1597 esse
1332 1553 1420 1596 verae

241 1655 388 1721 lectionis
412 1653 637 1740 λιγύφθογγος.
655 1657 677 1741 ²)

285 1784 478 1859 Avv.1588:
497 1777 739 1861 ,πρεσβεύοντες
762 1780 851 1857 ἡμεῖς
875 1775 1006 1856 θκομει”
1033 1777 1145 1841 -sic
1177 1778 1350 1861 Neptunus
1378 1815 1422 1824 -

242 1899 349 1979 ,παρὰ
372 1905 433 1965 τῶν
456 1901 524 1966 θεῶν
547 1899 615 1982 περὶ
632 1899 770 1979 πολέμου
786 1899 1020 1977 καταλλαγῆς”
1033 1900 1055 1984 ³)
1073 1938 1117 1946 —
1131 1898 1309 1976 διαλλαγῆς
1319 1899 1421 1964 habet

242 2023 428 2100 Ravennas,
452 2046 526 2108 quae
540 2029 616 2090 'vox
641 2025 789 2089 usitatior
812 2024 891 2089 olim
915 2025 1027 2088 addita
1051 2032 1102 2088 est
1125 2025 1168 2088 ad
1191 2022 1421 2108 explicandam

240 2146 406 2222 rariorem,
443 2167 505 2210 nec
541 2155 652 2212 tamen
691 2147 899 2221 reiciendum,
939 2156 975 2211 ut
1005 2146 1183 2210 ostendunt
1213 2144 1367 2229 exempla
1400 2167 1420 2209 a

241 2265 373 2332 Kockio
397 2269 505 2335 allata.

280 2382 369 2444 Ran.
389 2385 462 2458 857:
475 2387 496 2456 ⁴)

676 2491 869 2572 hortarentur
893 2490 919 2555 δ’
942 2491 974 2554 οὐ
998 2489 1107 2573 πρέπει

376 2611 490 2695 ἄνδρας
513 2613 642 2690 ποιητέος
665 2611 764 2695 ιθοπερ
788 2612 1017 2696 οέρποπιολέδοος.
1041 2651 1085 2663 -

289 2778 419 2843 Vellem
453 2778 654 2855 Dindorfius‚
693 2777 886 2854 Meinekius,
921 2777 1097 2842 Velsenius
1120 2777 1341 2861 explicassent
1364 2799 1422 2842 cur

242 2901 376 2966 tandem
407 2923 426 2965 e
456 2903 673 2967 deterioribus
703 2900 872 2965 codicibus
902 2900 1011 2965 multis
1042 2904 1227 2987 receperint
1255 2899 1336 2978 θέμις
1359 2922 1418 2984 pro

244 3020 370 3103 πρέποι
399 3023 498 3107 longe
521 3024 638 3088 melius
659 3024 712 3087 hic
735 3023 895 3088 sehabet
917 3022 953 3087 τθ
978 3021 1086 3104 πρέπει
1109 3024 1301 3107 („decorum
1325 3025 1419 3108 est’'),

243 3166 341 3230 quam
365 3145 447 3225 θέμις
469 3145 552 3231 („sas
575 3147 657 3230 est'')
670 3145 702 3231 ὅ).
735 3144 920 3210 Conviciari
951 3147 1034 3210 inter
1057 3166 1092 3210 se
1116 3167 1182 3210 non
1205 3147 1299 3210 solim
1312 3149 1419 3230 poetis

234 3271 300 3349 fas
329 3278 478 3345 nonest,
503 3270 563 3333 sed
585 3269 681 3333 nullis
704 3268 903 3343 hominibus,
928 3288 969 3332 ne
993 3267 1193 3348 οὶρποπιιλθοιι
1217 3271 1361 3352 quidem.
1374 3306 1419 3319 —

244 3390 378 3476 Optime
402 3393 467 3455 iam
490 3392 705 3456 Fritzschius:
730 3391 911 3474 „suspicor,
937 3388 1020 3468 θέμις
1042 3411 1061 3454 e
1084 3391 1216 3454 scholiis
1239 3393 1417 3476 irrepsisse,

244 3514 277 3575 in
302 3513 420 3597 quibus
443 3514 555 3578 similis
577 3513 668 3577 locus
692 3511 831 3593 λοιδορεῖν
855 3513 886 3578 οὐ
911 3511 993 3591 θέμις
1015 3513 1131 3577 allatus
1155 3513 1282 3578 luerit.”

275 3699 296 3762 1)
313 3699 355 3751 Sic
371 3709 438 3752 recte
454 3702 560 3767 Kuster3
577 3699 754 3763 λιγύφθογγον
771 3701 880 3750 codices.

274 3784 295 3845 θ)
312 3785 397 3834 Nimis
413 3791 485 3834 acute
500 3783 656 3835 Rutherlord
673 3783 707 3832 ad
723 3783 842 3833 scholion
858 3790 975 3834 annotat:
995 3784 1067 3851 „The
1084 3784 1158 3834 latter
1173 3793 1230 3849 part
1247 3785 1277 3835 os
1291 3786 1341 3836 this
1357 3793 1418 3836 note

242 3875 356 3931 suggests
373 3867 578 3931 γλιικθμοχθος.”

275 3949 295 4012 ³)
312 3950 354 4001 Sic
377 3959 451 4019 recte,
476 3968 518 4001 me
540 3952 633 4018 iudice,
649 3952 801 4016 scripserunt
816 3950 932 4000 Dindorf
945 3958 971 4001 et
987 3953 1080 4019 Bergk,
1097 3952 1212 4004 codicem
1229 3953 1250 4001 B
1267 3954 1353 4005 secuti.
1388 3955 1418 4004 In

242 4034 266 4082 V
294 4041 319 4084 et
344 4035 370 4084 A
394 4042 431 4084 est
454 4034 512 4097 ml
535 4039 582 4085 τοῦ
606 4033 721 4096 πολέμου
748 4034 793 4083 καὶ
814 4038 994 4096 καταλλαγῆς,
1012 4036 1083 4100 quod
1100 4037 1194 4086 omisso
1212 4037 1256 4086 καὶ
1271 4046 1419 4103 receperunt

242 4117 362 4168 Meinehe
378 4127 403 4169 et
419 4118 508 4184 Koclr3
526 4118 648 4181 περὶτοῦ
665 4117 779 4180 πολέμου
797 4118 841 4167 καὶ
857 4121 903 4176 τῆς
921 4117 1066 4181 διαλλαγῆς
1083 4121 1159 4170 habet
1176 4122 1207 4171 R.

274 4201 294 4264 θ)
312 4201 435 4252 Consulto
461 4203 536 4252 omisi
561 4203 627 4253 Ran.
652 4200 710 4267 838,
736 4201 781 4251 ubi
807 4199 931 4266 ιθθθροιπον
956 4204 1044 4264 στόμα
1066 4205 1161 4254 habent
1184 4206 1216 4270 R,
1235 4204 1306 4255 Suid.
1333 4206 1349 4256 i.
1376 4224 1417 4257 vr.

242 4283 364 4348 ἄθθροιτον
381 4292 406 4336 et
422 4283 566 4342 οἳπθλοιπον,
583 4285 684 4334 Bekker
700 4284 807 4353 Anecd.‚
824 4302 850 4350 p.
868 4296 926 4353 352,
947 4299 985 4352 11,
1002 4284 1141 4336 ἀπθλοιπον
1158 4288 1234 4337 ceteri
1242 4301 1339 4356 omnm,
1347 4290 1418 4354 quod

240 4369 396 4420 retinuerunt
421 4369 547 4419 Fritzsche
572 4376 597 4418 et
613 4369 712 4436 Bergk3
731 4376 814 4418 utrum
831 4370 901 4418 enim
919 4371 1047 4435 interpreti
1070 4370 1199 4438 debeatur,
1218 4388 1259 4422 me
1276 4373 1416 4423 diiudicare

241 4468 294 4502 non
310 4468 386 4519 posse
401 4453 511 4503 libenter
527 4452 616 4505 fateor.

273 4536 294 4600 ὅ)
311 4535 471 4602 Quamquam
489 4536 557 4602 apud
573 4535 683 4601 tragicos
699 4542 765 4586 certe
781 4533 849 4597 θέμις
865 4535 928 4586 ἐστι’
940 4537 1032 4602 saeplus
1048 4537 1087 4586 nil
1104 4537 1230 4604 significat
1246 4539 1297 4589 nisi
1314 4540 1413 4608 „licet”

242 4618 275 4670 ci.
292 4635 314 4670 e.
323 4635 349 4686 g.
366 4619 444 4688 soph.
461 4619 568 4671 Philoct.
586 4617 643 4687 812,
660 4619 752 4670 Electr.
770 4620 827 4686 565.
