3444 5396
799 517 861 581 109

424 767 428 777 ¹
527 687 666 755 ίσπίτονα
680 688 700 774 ¹)
724 685 908 767 πηνίσματα
932 684 986 751 καί

523 811 657 894 κερκίδος
679 810 780 876 οίοιδοῦ
803 807 953 888 μελέταις,

526 932 561 1000 ἵν’
586 934 600 1000 ί
624 933 778 1016 Φίλανλος
801 930 924 998 ἔπαλλε
947 932 1021 1032 δελ-Ι

523 1056 579 1140 Φίς
603 1054 731 1139 πρῴραις
753 1053 976 1136 κυανεμβόλοις
998 1055 1062 1121 κτὲ.

277 1215 453 1300 Bergkium
492 1215 687 1280 retinentem
727 1210 781 1278 καί
817 1222 893 1298 post
924 1211 1117 1290 πηνίσματα,
1139 1211 1230 1295 quod
1254 1209 1414 1274 omittitur

234 1338 266 1402 in
289 1337 358 1401 RM
381 1337 571 1422 (Blaydesii)
595 1338 635 1413 E,
659 1335 795 1401 meliora
814 1338 935 1400 docere
957 1345 1109 1420 potuerat
1128 1334 1319 1412 Brunckius,
1339 1332 1413 1417 qui:

235 1457 389 1540 ,κερκίδος
411 1458 511 1524 οίοιδοῦ
531 1456 686 1537 μελέταςι
703 1458 869 1542 appositio
887 1466 937 1522 est
957 1458 1001 1522 ad
1018 1454 1211 1534 πηνίσματα.
1235 1453 1415 1538 Praeposita

231 1582 334 1666 vulgo
358 1581 478 1665 copula
502 1583 643 1666 gratiam
667 1601 802 1646 omnem
825 1580 889 1645 loci
913 1579 1126 1664 corrumpit.”

276 1710 366 1770 Plut.
384 1710 454 1782 289.
496 1704 582 1768 Fieri
613 1712 725 1787 potest
757 1713 793 1768 ut
822 1723 936 1768 verum
968 1703 1021 1767 hic
1050 1701 1169 1766 viderit
1199 1699 1346 1765 Cobetus
1368 1699 1414 1783 (in

232 1834 344 1890 annot.
366 1847 410 1889 m.
427 1847 488 1890 scr.
505 1844 571 1890 sec.
587 1846 653 1890 van
670 1824 886 1910 Herwerden)
901 1845 976 1889 cum
992 1845 1122 1889 versum
1139 1823 1185 1889 sic
1201 1823 1412 1888 rescriberet:

389 1988 427 2060 ὦς
450 1984 563 2067 ἥδομαι
586 1985 639 2052 καί
663 1985 818 2069 τέρπομαι
841 1985 894 2052 καὶ
918 1985 1075 2067 βούλομαι
1098 1989 1243 2069 χορεῦσαι

388 2109 444 2192 ὑφ’
465 2109 580 2186 ἡδονῆς,
603 2106 687 2192 είπερ
711 2107 812 2188 λέγεις
834 2110 871 2174 σὺ
894 2114 998 2175 ταῦτα
1018 2106 1112 2175 πάντ’
1130 2109 1238 2184 sitnisi,

233 2287 294 2350 pro
318 2267 471 2351 vulgato:
496 2264 587 2341 ὄντος
610 2264 648 2330 σὺ
673 2261 768 2330 πάντ’
791 2265 889 2341 sitnisi
914 2267 1041 2329 —sed
1064 2264 1144 2330 nihil
1171 2265 1315 2350 praesidii
1337 2265 1415 2328 inde

235 2399 348 2474 petere
371 2389 503 2466 licebat,
526 2391 618 2472 quod
642 2391 675 2454 in
699 2389 732 2454 V
755 2390 800 2472 (et
822 2389 864 2452 R.
887 2409 954 2453 sec.
977 2409 1043 2452 von
1064 2387 1201 2473 Velsen)
1217 2386 1307 2461 ὄντος
1322 2387 1415 2451 omit·

233 2512 326 2589 titur;
350 2513 438 2577 idem
453 2513 567 2577 vitium
583 2513 617 2576 in
629 2512 662 2577 V
674 2521 707 2576 et
718 2511 883 2577 nonnullis
899 2511 969 2576 aliis
982 2512 1081 2576 etiam
1091 2517 1180 2576 Plut.
1200 2517 1252 2591 581
1265 2511 1413 2575 offendit.

277 2639 366 2699 Plut.
385 2640 459 2713 697.
496 2633 598 2716 Quod
621 2635 648 2698 si
671 2634 705 2699 in
728 2634 897 2698 codicibus
921 2643 1088 2698 exstarent
1107 2632 1141 2696 hi
1165 2653 1279 2697 versus
1295 2633 1413 2697 eadem

238 2754 343 2819 sorma
365 2775 432 2837 qua
454 2775 475 2818 a
499 2755 676 2839 Blaydesio
700 2757 781 2820 editi
803 2765 898 2821 suntr

462 2916 547 2997 μετοὶ
569 2921 660 2984 τοῦτο
686 2918 714 2982 δ’
740 2917 795 2995 ἤδη
818 2918 872 2984 καί
895 2917 1011 2997 νέλοιον
1034 2917 1071 2994 δη
1096 2916 1176 2982 ποίνν

467 3039 606 3117 ε’ποίησοι,
632 3038 805 3122 προσιόντος
825 3039 887 3122 wip
912 3042 1006 3106 αὐτοῦ
1028 3037 1116 3119 μέγα
1140 3037 1221 3105 ποίνν

463 3160 654 3244 οίπέπαρδον,

236 3319 355 3395 statim,
379 3319 439 3383 nisi
464 3319 567 3396 fallor,
590 3319 682 3384 multi
705 3320 945 3385 exclamarent:
970 3321 1181 3396 „alterutrum
1201 3317 1282 3384 ποίνο
1305 3340 1413 3384 errore

236 3461 280 3505 ex
320 3441 423 3506 altero
463 3451 573 3505 ortum
612 3443 695 3520 est''‚
728 3452 762 3507 et
792 3462 811 3508 e
843 3444 1033 3508 coniectura
1063 3442 1200 3507 sortasse
1227 3441 1416 3527 philologus

236 3562 355 3647 aliquis
376 3563 476 3648 paulo
499 3565 627 3629 acutior
649 3565 834 3629 restitueret
856 3565 889 3628 id
912 3566 1002 3648 quod
1025 3585 1111 3629 nunc
1130 3565 1285 3629 traditum
1301 3573 1369 3629 est:

461 3701 545 3781 μετὰ
569 3705 658 3767 τοῦτο
684 3701 712 3766 δ’
737 3700 792 3778 ἤδη
815 3700 868 3767 καὶ
892 3701 1009 3781 γέλοιον
1034 3699 1115 3780 δητοί
1138 3727 1169 3768 τι

461 3823 588 3900 ἐποίησα
610 3825 676 3892 κτὲ.

283 3973 370 4036 Nam
392 3973 482 4056 quod
506 3973 539 4037 in
562 3973 595 4038 V
619 3972 701 4050 δῆτα
724 3975 893 4052 omittitur,
918 3976 997 4058 quid
1020 3974 1084 4040 hoc
1114 3977 1158 4039 ad
1181 3973 1262 4039 nos?
1306 3975 1415 4038 Etiam

238 4091 345 4166 vesp.
364 4092 443 4166 7962

507 4216 577 4300 trie
602 4213 667 4283 ίσον
689 4215 743 4282 καί
767 4220 857 4283 τοῦτο
883 4216 966 4294 δῆτα
989 4215 1150 4298 κερδανεῖς,

239 4354 327 4417 idem
350 4354 460 4418 codex
483 4356 603 4419 eodem
625 4357 726 4420 modo
749 4357 937 4422 decurtatus
960 4366 1020 4421 est.

273 4537 294 4602 ¹)
312 4537 355 4590 Sic
372 4539 474 4590 codices
492 4540 623 4608 plerique3
641 4541 764 4591 ἱστόπονα
781 4541 859 4592 habet
874 4542 1020 4606 Ravennm,
1038 4541 1116 4608 idque
1133 4551 1282 4608 receperunt
1297 4543 1416 4594 Meineke

240 4623 324 4685 Koch,
342 4639 394 4675 von
410 4623 514 4689 Velseu,
530 4639 581 4674 van
597 4623 738 4692 Leeuwen3
755 4625 875 4692 equidem
892 4624 985 4676 dubius
1001 4625 1093 4677 haereo.
