3434 5394
620 1868 770 1930 CAPUT
788 1867 978 1928 PRIMUM.

557 2041 607 2103 De
624 2040 728 2100 huius
746 2040 823 2100 libri
840 2039 1045 2100 rationibus.

256 2508 459 2592 Scriptorem
497 2506 649 2570 Graecum
678 2507 878 2571 Latinumve
909 2507 965 2589 qui
1000 2505 1099 2570 hodie
1129 2513 1288 2588 quantum
1319 2504 1388 2569 fieri

211 2638 322 2714 potest
351 2629 563 2694 emendatum
595 2630 628 2692 in
659 2629 768 2692 lucem
799 2628 897 2692 edere
924 2627 986 2692 sibi
1009 2627 1190 2711 proposuit,
1213 2627 1339 2692 ratione
1362 2629 1390 2691 is

212 2752 405 2836 plerumque
434 2771 504 2815 rem
533 2751 602 2834 agit
631 2749 730 2833 plane
761 2749 893 2814 diversa
923 2749 966 2814 ab
998 2768 1038 2813 ea
1068 2768 1169 2830 quam
1194 2748 1273 2814 olim
1296 2749 1389 2831 sequi

213 2873 365 2938 solebant
401 2873 462 2936 viri
500 2872 599 2936 docti.
641 2871 776 2937 Saeculis
806 2873 894 2935 enim
926 2870 1188 2954 praecedentibus
1216 2870 1391 2955 diligenter

211 2995 361 3060 conferre
383 3015 455 3059 mos
480 3004 550 3059 erat
572 2995 734 3059 editiones
757 3015 832 3076 quae
854 3002 952 3057 antea
970 2993 1171 3076 prodierant,
1195 3002 1230 3057 et
1252 2994 1298 3057 ita
1322 2992 1389 3057 iere

213 3139 310 3183 novae
341 3117 532 3201 pendebant
563 3138 583 3180 a
613 3116 788 3192 veteribus,
816 3124 852 3180 ut
878 3136 978 3199 saepe
1001 3114 1091 3179 velut
1113 3116 1302 3180 continuam
1324 3117 1390 3180 edi·

107 3257 111 3266 ·
212 3242 340 3306 tionum
356 3240 473 3303 seriem
489 3257 688 3322 componere
703 3238 821 3320 possis,
837 3258 976 3320 quarum
991 3236 1096 3302 altera
1110 3257 1241 3322 semper
1256 3236 1389 3301 alterius

213 3363 254 3426 sit
276 3369 392 3426 mater.
415 3360 472 3424 Ab
495 3359 558 3424 hac
580 3367 692 3423 autem
715 3360 770 3423 via
791 3360 825 3422 in
848 3359 917 3423 aliis
942 3360 1153 3443 scriptoribus
1176 3359 1246 3424 aliis
1263 3368 1389 3444 tempo

215 3484 304 3548 ribus
331 3484 447 3547 decedi
478 3491 625 3567 coeptum
648 3491 713 3560 est;
737 3503 825 3546 nunc
849 3483 1005 3565 quoniam
1027 3483 1061 3547 in
1083 3482 1145 3547 hac
1168 3481 1389 3566 disputatione

202 3584 281 3670 'non
312 3606 374 3669 nisi
404 3607 447 3669 de
478 3605 702 3688 Aristophane
733 3625 840 3669 sermo
870 3606 940 3682 erit,
973 3605 1115 3669 breviter
1144 3605 1287 3668 indicare
1309 3605 1388 3668 mihi

216 3727 314 3791 liceat
335 3729 390 3810 qui
413 3727 508 3810 primi
531 3727 564 3790 in
587 3716 716 3790 summo
732 3727 860 3792 comico
884 3747 924 3790 ea
949 3728 1086 3802 ratione,
1106 3747 1181 3808 quae
1201 3727 1388 3790 etiamnunc

213 3850 246 3912 in
270 3868 330 3911 usu
355 3856 415 3922 est,
438 3857 543 3912 artem
565 3849 710 3913 criticam
734 3868 887 3912 exercere
909 3849 1115 3913 instituerint.

257 3969 336 4033 Post
367 3969 558 4045 Kusterum,
590 3971 646 4052 qui
679 3970 846 4047 „Textum
878 3970 1049 4034 Graecum”
1085 3978 1121 4033 ut
1143 3971 1214 4053 ipse
1240 3970 1320 4034 dicit
1342 3971 1389 4052 (in

214 4090 407 4158 Praefatione
439 4091 482 4155 ad
511 4091 678 4176 lectorem)
710 4113 798 4169 „non
829 4092 936 4157 solum
966 4112 1043 4156 cum
1074 4092 1176 4155 Editt.
1213 4093 1388 4169 veteribus,

211 4214 272 4278 sed
295 4215 396 4278 etiam
419 4233 495 4278 cum
519 4215 597 4280 Mss.
622 4214 779 4279 collatum
802 4215 932 4299 (dedit):
957 4223 991 4278 et
1014 4215 1149 4297 quidem
1172 4213 1302 4278 Plutum
1313 4234 1388 4278 curn

214 4335 276 4399 Ms.
301 4335 654 4411 Vaticano-Urbinate‚
679 4335 742 4400 Ms.
767 4336 957 4415 Bodleiano,
986 4347 1019 4401 et
1046 4337 1109 4400 Ms.
1132 4335 1387 4401 Arundelliano:

217 4454 332 4520 Nubes
355 4476 431 4520 cum
454 4458 573 4521 eodem
592 4457 655 4521 Ms.
668 4457 785 4524 Urbin.
802 4467 836 4523 et
850 4458 1107 4525 Arundelliauo:
1123 4459 1234 4523 Ranas
1249 4468 1283 4523 et
1298 4457 1389 4522 Aves

212 4595 288 4639 cum
311 4577 383 4642 solo
407 4577 471 4642 Ms.
496 4579 847 4645 Vaticano-Urbinate:
873 4580 1018 4664 Equites,
1042 4579 1285 4655 Acharnenses,
1309 4579 1389 4644 Ves-

1309 4695 1319 4732 1
