3434 5394
871 561 913 608 22

345 731 497 797 Dubitari
519 740 630 817 potest
651 732 697 796 de
716 729 781 796 hoc
797 729 882 807 loco,
898 731 1055 815 quoniam
1069 731 1116 796 nil
1128 751 1191 797 nos
1206 732 1305 798 docet
1320 739 1476 808 metrum;

300 851 355 917 alii
377 872 457 917 vero
479 851 602 917 nullam
624 852 803 917 admittunt
825 851 1078 918 dubitationem.
1125 851 1180 918 Sic
1204 858 1291 918 Rau.
1309 871 1368 934 437
1391 853 1424 917 in
1448 854 1480 917 R

301 983 378 1058 post
399 971 483 1056 αἴροι’
507 971 544 1040 ἂν
566 967 659 1048 αὗόνς,
671 968 693 1038 ὦ
705 979 770 1038 rai
781 975 928 1057 sequitur
943 971 987 1038 rol
999 973 1190 1056 ττρῶματας
1201 974 1293 1058 quod
1309 975 1479 1059 quomodo

300 1106 410 1162 ortum
440 1098 483 1162 sit
512 1117 573 1162 nos
602 1097 703 1161 docet
732 1098 843 1162 codex
869 1095 912 1173 V,
947 1097 981 1160 in
1016 1096 1109 1162 cuius
1137 1099 1288 1180 margine
1310 1096 1386 1162 huic
1409 1117 1480 1162 ver·

298 1218 347 1282 sui
386 1219 588 1302 adscriptum
626 1227 678 1282 est
713 1216 757 1282 rai
796 1215 970 1299 στρώματα
1004 1215 1150 1294 δηλονότι.
1210 1218 1265 1284 Sic
1290 1224 1381 1285 Avu.
1399 1225 1478 1286 1080

300 1361 411 1406 omnes
432 1340 553 1406 codices
574 1341 630 1422 qui
652 1339 763 1405 collati
786 1349 862 1405 sunt
884 1339 1110 1421 impumtatis
1132 1341 1273 1406 habent:
1289 1335 1359 1405 εἶτα
1372 1344 1479 1421 φυσῶν

299 1459 361 1535 τοὶς
381 1459 501 1542 κίχλας
531 1458 659 1526 δείκνυτο
690 1462 768 1526 πῖνον
798 1460 853 1526 καὶ
886 1459 1089 1540 λνμαόνεταος
1119 1463 1154 1527 in
1184 1463 1331 1528 editione
1353 1461 1478 1528 Aldina

298 1584 435 1648 demum
479 1585 557 1648 τοῖσι
598 1584 777 1648 omittitur!
823 1584 942 1668 Neque
975 1586 1069 1650 aliter
1102 1586 1312 1650 iudicandum
1351 1593 1403 1650 est
1435 1585 1478 1649 de
1510 1617 1513 1636 ι

297 1711 406 1772 Nnbb.
425 1725 499 1786 940,
529 1705 584 1770 ubi
596 1707 775 1771 rectissime
790 1728 834 1770 ex
849 1707 881 1770 R
895 1707 1039 1772 editores
1050 1716 1126 1790 post
1139 1706 1365 1771 Hermannum
1376 1708 1480 1772 edunt

299 1825 376 1909 φέρε
399 1825 436 1902 δὴ
467 1825 595 1908 τότερος
624 1823 706 1904 λέξεο
737 1825 889 1909 πρότερος,
921 1827 983 1892 nisi
1012 1827 1103 1911 quod
1129 1825 1271 1908 πρότερον
1292 1827 1347 1891 hic
1369 1830 1480 1892 codex

297 1945 417 2021 habet;
439 1946 474 2009 in
504 1955 631 2011 ceteros
661 1965 739 2010 vero
769 1947 902 2010 codices
925 1946 1054 2029 irrepsit
1080 1945 1229 2011 scholion
1247 1943 1296 2019 τός
1317 1944 1412 2023 ὑμῶν,
1433 1946 1480 2011 ita

298 2076 338 2132 ut
360 2067 394 2132 V
416 2077 450 2132 et
473 2066 619 2132 nonnulli
643 2067 697 2132 alii
723 2067 870 2132 habeant
893 2063 968 2148 φέρε
991 2065 1029 2142 δὲ
1049 2064 1097 2140 τός
1119 2063 1202 2144 λέξεο
1226 2064 1368 2148 πρότερος
1386 2066 1479 2144 ὑμῶν,

298 2189 355 2253 alii
392 2210 473 2255 vero
511 2189 576 2254 alia
613 2190 806 2272 praebeant
860 2190 954 2254 Idem
992 2189 1082 2254 valet
1119 2190 1162 2254 de
1199 2193 1306 2255 Nubb.
1325 2209 1387 2268 ³30
1431 2185 1481 2266 μοὶ

303 2311 354 2376 Δί’
385 2312 460 2376 ἀλλ’
492 2308 629 2393 όμόχλνν
658 2309 712 2376 καὶ
745 2308 846 2391 δρόσον
875 2309 977 2384 αὐτὸς
1008 2309 1147 2388 ἡγούμην
1178 2309 1232 2376 καὶ
1254 2308 1373 2376 καπνόν
1395 2303 1480 2382 εἶναι,

299 2432 359 2497 ubi
380 2435 411 2497 R
433 2433 583 2499 etmulti
606 2434 660 2498 alii
682 2433 755 2498 libri
778 2454 839 2517 pro
861 2431 977 2498 κατνόν
998 2433 1123 2528 habent
1149 2429 1245 2506 τανόν,
1264 2432 1355 2515 quod
1370 2441 1479 2496 ortum

298 2555 431 2619 videtur
454 2575 473 2620 e
496 2555 635 2631 scholio,
658 2556 691 2618 in
714 2574 781 2638 quo
804 2556 837 2618 in
860 2555 1140 2638 comparationem
1160 2555 1340 2618 vocabatur
1356 2553 1480 2618 locutio

220 2703 224 2712 ·
304 2677 472 2742 notissima
501 2679 619 2742 αατνοῦ
651 2673 732 2741 curci.
787 2677 880 2742 Idem
907 2678 951 2741 de
974 2682 1060 2742 Plnt.
1084 2697 1139 2757 311,
1162 2675 1224 2740 ubi
1242 2696 1303 2760 pro
1326 2672 1482 2752 λαβόντες

296 2798 334 2862 in
368 2799 400 2863 V
434 2809 468 2864 et
502 2799 673 2882 permultis
695 2797 766 2863 aliis
789 2808 895 2862 metro
918 2799 1022 2863 invito
1045 2808 1096 2863 est
1118 2797 1153 2874 ἣν
1176 2795 1336 2876 λάβωμεν,
1361 2799 1421 2864 sed
1444 2799 1478 2863 in

298 2922 453 3005 margine
475 2921 508 2986 in
531 2921 564 2985 V
587 2922 735 2985 additur:
760 2918 803 2985 τόν
828 2917 901 2996 ἑξῆς
924 2921 1027 2985 οὐκοῦν
1049 2942 1089 2997 νε
1110 2918 1266 2998 λαβόντες
1288 2924 1457 3000 κρεμῶμεν.

347 3041 492 3108 Facilem
527 3043 699 3106 transitum
730 3042 784 3106 hic
814 3041 907 3106 locus
938 3042 1015 3106 mihi
1046 3050 1142 3126 parat
1171 3043 1215 3106 ad
1247 3047 1482 3121 Ran'133,ut

299 3160 432 3224 veniam
476 3160 520 3224 ad
554 3159 645 3223 locos
679 3161 721 3225 de
755 3161 875 3242 quibus
908 3159 1070 3246 editoresn
1087 3158 1323 3223 dubitauerunt
1336 3160 1368 3243 ¹).
1415 3157 1481 3241 Qui

302 3297 416 3342 versus
438 3277 618 3341 rectissime
639 3276 740 3360 vulgo
763 3277 810 3341 sic
833 3278 969 3362 legitur:

570 3439 706 3518 κᾶπειτ’,
730 3440 856 3507 inertas
878 3446 977 3525 φῶσιν
1000 3443 1026 3509 ol
1048 3441 1185 3521 όεώμενον

570 3537 653 3618 εἶναι,
676 3541 738 3608 τόό’
763 3538 837 3609 εἶναι
860 3543 913 3609 καὶ
938 3542 975 3609 τό
998 3543 1122 3610 σαυτόν.

303 3726 342 3791 In
365 3727 498 3792 scholiis
520 3728 681 3812 legimus:
706 3726 807 3804 ,,τννὲς
830 3726 864 3792 δὲ
887 3724 1058 3810 γράφοντα
1081 3723 1194 3804 εἵντε”,
1216 3729 1308 3810 quod
1331 3729 1400 3792 iure
1414 3747 1479 3792 van

299 3851 469 3915 'Leeuwen
493 3871 537 3915 ex
559 3851 850 3933 interpretamento
873 3870 934 3933 pro
957 3851 1048 3915 varia
1069 3849 1210 3914 lectione
1233 3848 1348 3914 habito
1371 3857 1480 3913 ortum

303 3993 377 4038 esse
407 3982 521 4038 censet
551 3971 758 4056 (‚,infinitivus
789 3974 879 4037 idem
901 3974 991 4056 quod
1014 3973 1181 4057 optativus
1202 3972 1256 4036 hie
1279 3969 1481 4056 valet'')-V

299 4104 413 4160 autem
435 4096 469 4158 in
491 4103 584 4160 textu
607 4093 709 4159 habet
731 4095 819 4160 istud
840 4089 930 4170 εἴητε,
949 4116 1016 4159 non
1032 4096 1155 4160 omisso
1171 4089 1253 4159 εἶναι.
1298 4093 1480 4176 Quomodo

300 4227 416 4283 autem
449 4216 639 4282 Dindorfius
673 4218 820 4300 cogitare
851 4218 993 4300 potuerit
1021 4217 1064 4282 de
1098 4216 1308 4283 rescribendo
1343 4213 1386 4291 εἵη
1418 4235 1480 4299 pro

300 4334 388 4416 siunt,
418 4361 534 4424 parum
565 4338 730 4423 intellego.
777 4338 864 4403 Nam
891 4340 982 4421 quod
1008 4338 1135 4404 confert
1166 4338 1313 4420 Hesych.
1341 4339 1395 4403 iv.
1423 4333 1477 4424 rin]

335 4563 356 4627 ¹)
372 4565 434 4614 Alia
451 4563 567 4629 exempla
583 4562 709 4614 editiones
725 4561 818 4612 criticae
826 4562 941 4627 praebent
949 4561 1036 4611 Nubb.
1045 4562 1103 4627 646,
1116 4559 1263 4627 12983Pac.
1272 4571 1320 4628 275
1329 4561 1412 4627 3Ran.
1422 4569 1481 4626 252,

300 4647 676 4716 QmQMm
