3444 5396
742 513 782 577 91

175 683 275 764 κάμοὶ
307 681 426 766 πῴζεννε
450 684 551 749 nimia
578 704 638 768 pro
661 683 725 749 hoc
748 682 824 749 loco
848 684 880 747 vi
904 684 1078 768 praeditum
1098 691 1149 748 est
1172 702 1355 767 pronomen

174 807 254 888 ἐμοί.

215 936 304 997 Plut.
322 936 390 1012 845.
419 927 544 994 Pallioli
568 931 660 1014 quod
683 931 732 995 vir
755 929 863 996 iustus
880 951 915 995 se
931 931 995 995 deo
1011 938 1164 997 voturum
1179 929 1354 994 advenisse

173 1053 266 1130 dicit,
289 1061 488 1118 vetustatem
511 1052 557 1118 sic
580 1053 710 1118 deridet
734 1052 850 1118 Cario:

390 1244 454 1317 μῶν
478 1238 640 1319 {repensione
663 1237 733 1315 δῆτ’
758 1238 789 1304 ἐν
812 1239 895 1321 αὐτῷ
918 1237 961 1304 τὰ
985 1237 1136 1319 μεγάλας

171 1418 367 1500 Respondet
390 1418 515 1482 Iustus:
540 1404 602 1493 νῦν,
624 1419 699 1483 ἀλλ’
724 1416 889 1500 ἕνερρίνασ’
915 1415 968 1494 ἔπν
991 1416 1059 1501 τρία
1082 1415 1136 1482 καὶ
1160 1415 1245 1482 δέκα.

217 1540 273 1605 Sic
295 1540 450 1604 traditum
473 1541 580 1604 estin
604 1540 680 1604 RV
702 1541 779 1624 (sec.
804 1539 992 1625 Cobetum),
1016 1539 1110 1606 Cant.
1129 1557 1159 1621 3.
1184 1541 1222 1604 ln
1237 1542 1356 1606 ceteris

171 1662 293 1748 legitur
326 1665 392 1739 μῶν
426 1660 568 1739 ἐμυήθης,
600 1659 653 1727 vel
683 1665 748 1739 μῶν
779 1655 826 1726 οὖν
857 1659 999 1739 ἐμυήθης.
1047 1661 1143 1727 Hanc
1178 1660 1355 1727 lectionem

171 1786 305 1850 retinuit
335 1782 498 1859 Meineke‚
531 1784 591 1868 qui.
617 1784 728 1867 (Vind.
755 1785 813 1849 Ar.
838 1807 871 1869 p.
897 1785 990 1870 217):
1031 1786 1181 1861 „Vereor
1204 1806 1245 1850 ne
1268 1786 1356 1850 viros

172 1908 383 1973 doctissimos
414 1908 616 1991 comparatio
649 1927 724 1971 cum
748 1915 861 1971 nostro
884 1906 1065 1972 einweihcn
1087 1908 1120 1972 in
1144 1927 1287 1972 errorem
1310 1909 1356 1971 in·

171 2030 336 2095 duxerit.”
363 2066 408 2076 -
431 2028 561 2094 Vellem
585 2038 697 2094 tamen
720 2029 902 2094 addidisset
924 2029 1003 2113 quid
1026 2028 1080 2094 hic
1105 2029 1266 2114 significet
1289 2033 1354 2109 μῶν

171 2147 219 2219 οὖν
236 2152 275 2239 1);
310 2150 414 2217 multo
447 2150 598 2236 profecto
632 2150 748 2216 melius
779 2152 868 2216 idem
901 2151 1086 2216 Meinekius
1118 2153 1151 2214 in
1178 2151 1355 2216 Addendis

171 2296 206 2359 p.
231 2274 330 2340 v111:
367 2274 480 2350 „Ferri
515 2294 595 2340 sane
628 2283 739 2358 potest
774 2274 855 2339 Rav.
890 2275 1052 2358 scriptura
1084 2272 1254 2353 ἐνεανήθνς,
1286 2293 1354 2336 non

172 2407 285 2464 tamen
315 2407 351 2463 ut
381 2397 565 2477 ἐμμυεῖπθαν
595 2419 656 2482 pro
688 2398 828 2477 μυεῖσθαι
853 2397 916 2461 dici
939 2417 1037 2480 posse
1061 2397 1260 2474 concedam3
1287 2398 1354 2460 imo

173 2520 336 2601 ἕνεμυνὶθνς
358 2521 482 2585 dictum
507 2528 557 2584 est
580 2521 671 2584 utin
695 2527 854 2602 sequente
877 2539 973 2584 versu
997 2518 1173 2602 ἕνερρίνωσα
1196 2541 1242 2584 sc.
1266 2518 1296 2582 ἕν
1311 2519 1354 2600 τῷ

174 2637 331 2721 τριβωνίῳ.
378 2638 570 2723 Comparari
593 2646 731 2722 possunt
754 2634 948 2714 ἕναπαπίνενν,
973 2637 1181 2703 ἐναποπατεῖν
1205 2646 1239 2703 et
1255 2635 1355 2701 multa

174 2763 321 2828 eiusdem
355 2761 485 2846 generis
519 2761 615 2826 alia.”
660 2760 710 2825 Ita
745 2769 811 2825 est:
848 2759 988 2825 verbum
1022 2759 1205 2840 supersistat
1240 2759 1355 2823 Graece

175 2904 344 2968 nunquam
375 2884 510 2960 exstitit,
540 2883 599 2948 sed
630 2881 820 2967 praepositio
850 2880 904 2945 hic
926 2882 1029 2946 verbo
1052 2881 1191 2966 simplici
1218 2880 1355 2964 praefixa

175 3015 225 3072 est
248 3006 368 3072 eodem
390 3005 493 3069 modo
515 3025 583 3087 quo
606 3003 726 3087 saepius
748 3003 939 3086 praepositio
963 3002 1036 3084 πρὸς
1058 3005 1104 3067 ita
1126 3011 1177 3068 est
1193 3002 1353 3080 adhibita,

174 3138 210 3195 ut
232 3129 364 3194 dubites
386 3128 454 3194 sere
477 3128 561 3193 sitne
584 3126 795 3192 scribendum
811 3124 884 3206 πρὸς
901 3147 955 3190 am
972 3149 1085 3207 προσ-.
1130 3126 1252 3191 Nostro
1268 3124 1354 3202 loc0,

175 3261 211 3318 ut
240 3272 294 3316 me
325 3260 439 3316 monet
467 3271 499 3315 v.
531 3248 571 3313 cl.
604 3247 706 3314 Polak
733 3269 762 3314 e.
794 3271 827 3334 g.
858 3248 992 3333 egregie
1018 3250 1200 3333 comparari
1216 3257 1355 3333 possunt

176 3395 250 3459 quae
273 3372 363 3457 apud
392 3373 535 3456 Diogen.
567 3372 677 3436 Laert.
710 3370 752 3446 ΙΙ,
776 3393 808 3449 ν,
837 3371 876 3434 16
900 3373 943 3434 de
967 3370 1104 3437 Socrate
1131 3372 1299 3436 dicuntur:
1323 3369 1356 3436 ri

221 3828 334 3894 Simile
366 3828 446 3912 quid
479 3829 598 3894 accidit
631 3834 759 3909 Equitt.
784 3835 857 3909 676,
888 3830 943 3912 qui
978 3848 1091 3894 versus
1132 3828 1179 3892 sic
1217 3829 1356 3892 traditus

178 3960 228 4016 est
250 3952 284 4016 in
308 3951 357 4015 R:

401 4136 461 4214 ἐγὼ
487 4135 520 4202 δὲ
543 4135 585 4202 πα
607 4135 730 4217 κορίανν’
756 4135 907 4218 ἐπριάμην
929 4135 1141 4218 ὑπεκδραμῶν,

179 4338 254 4381 cum
276 4317 376 4381 ceteri
390 4316 546 4381 habeant
568 4313 764 4397 ὑποδρααῶν,
797 4317 888 4400 quod
912 4317 1113 4381 retinuerunt
1134 4316 1254 4401 Bergk,
1278 4317 1355 4381 Rib-

210 4539 231 4602 1)
248 4539 318 4603 Quas
342 4546 428 4590 temen
453 4538 588 4605 particulas
608 4538 643 4589 sic
661 4539 759 4590 iunctas
776 4537 845 4603 apud
862 4537 946 4588 bonos
962 4537 1095 4603 scriptores
1112 4538 1223 4588 inveniri
1240 4539 1357 4589 observat

178 4639 227 4676 van
245 4624 401 4674 Herwerden
418 4623 452 4674 ad
468 4624 527 4674 Pac.
547 4634 622 4685 1042.
