3444 5396
840 427 898 496 105

276 601 310 666 in
340 601 459 685 quibus
490 601 585 665 deest
613 597 660 676 οἰν,
684 601 833 665 abundat
856 597 913 678 μέν
935 639 979 648 -
1002 601 1083 683 quid
1106 601 1204 684 igitur
1227 601 1334 684 aptius
1360 617 1456 664 exco-

276 725 371 808 gitari
404 732 516 809 potest
550 742 650 808 quam
684 743 745 806 pro
779 720 836 800 μέν
867 723 1047 787 rescribere
1070 719 1118 802 riu,
1142 731 1179 788 ut
1201 723 1278 788 lecit
1301 722 1455 806 Blaydes

276 867 375 931 quem
397 847 544 929 sequitur
567 865 632 910 van
655 845 831 921 Leeuwen‚
855 854 889 910 et
911 865 1040 911 versum
1063 847 1109 910 sic
1132 847 1320 911 restituere:

410 1023 485 1088 ἀλλ’
510 1020 613 1100 οὑξιιδν
638 1019 798 1106 τριθτιοτοθ
821 1046 872 1101 μοι
895 1023 931 1090 τδ
955 1021 1041 1100 γένος
1063 1020 1100 1088 θον
1121 1017 1203 1088 εἶπεν
1227 1020 1335 1096 stote?

320 1236 429 1303 Ceteri
462 1257 576 1301 versus
611 1236 667 1320 qui
690 1236 756 1300 huc
779 1235 841 1300 sub
864 1255 999 1300 censum
1021 1235 1132 1300 vocari
1155 1234 1279 1300 debent
1302 1243 1379 1299 suut
1400 1235 1452 1299 hi:

311 1382 438 1457 Equitt.
456 1382 536 1456 569:

432 1546 465 1610 οὐ
488 1542 547 1626 γὰρ
572 1543 667 1616 οὐδεὶς
690 1542 814 1610 τώποτ’
837 1544 939 1610 αὐτῶν
963 1539 1036 1617 τοὺς
1058 1541 1208 1616 ε’νοιντθονς
1230 1541 1298 1607 ἰδὼν

433 1665 591 1750 ἠρίθμησεν
604 1667 635 1753 1),
662 1667 737 1731 ἀλλ’
765 1665 779 1730 θ
803 1666 897 1745 θνμδς
920 1663 1004 1738 εὐθὺς
1027 1660 1059 1740 ἦν
1085 1663 1250 1744 Ἀμννθοις.

321 1846 377 1912 Sic
400 1849 433 1911 in
456 1815 626 1910 codicibus
642 1847 673 1910 R
685 1854 719 1910 et
731 1844 933 1909 Mtraditum
945 1852 1014 1921 est;
1028 1844 1127 1908 ceteri
1139 1843 1211 1908 libri
1223 1843 1347 1908 habent
1357 1841 1454 1916 οὐδεὶς

276 1967 337 2049 γὰρ
359 1967 479 2033 τώποτ’
504 1967 548 2051 (V
571 1976 606 2031 et
628 1966 693 2053 alii)
717 1966 770 2030 vel
791 1963 909 2039 κούδεὶς
925 1963 1125 2030 οὐδεπώποτ’.
1172 1965 1282 2029 Facile
1298 1964 1452 2029 excidere

275 2098 406 2175 poterat
445 2090 476 2155 οὐ
515 2089 610 2173 (sicut
636 2111 668 2154 v.
702 2109 730 2151 c.
766 2087 800 2152 in
834 2088 865 2151 R
898 2087 1058 2152 omittitur
1090 2086 1176 2151 Ανν.
1210 2085 1309 2172 463);
1342 2107 1451 2170 neque

276 2211 479 2296 probabilior
511 2211 590 2276 mihi
627 2211 758 2275 videtur
792 2209 908 2274 Cobeti
943 2209 1104 2274 sententia
1132 2208 1199 2274 οὐδὲ
1229 2201 1271 2282 εἷς
1299 2207 1370 2290 γὰρ,
1397 2209 1451 2274 vel

269 2332 432 2414 Blaydesii
464 2332 572 2406 οὐδεεθς
602 2335 782 2419 legendum
813 2353 953 2397 esse-
977 2353 1052 2397 nam
1085 2332 1205 2397 formas
1237 2331 1351 2416 quales
1373 2339 1451 2396 sunt

269 2454 385 2531 οὐδεεθς,
410 2454 518 2533 οὐδεέν,
542 2477 742 2539 quamquam
765 2477 832 2520 non
847 2456 1027 2521 reiciendas
1040 2476 1112 2520 esse
1125 2455 1271 2519 ostendit
1282 2454 1448 2537 Blaydesii

269 2587 416 2644 annotat.
442 2589 574 2662 exeget.
597 2580 640 2642 ad
665 2578 802 2661 Lysistr.
831 2594 916 2658 1044
938 2578 991 2662 (cf.
1016 2578 1115 2642 etiam
1139 2598 1205 2642 van
1228 2577 1392 2641 Leeuwen
1406 2577 1448 2640 ad

271 2703 354 2765 Rau.
378 2702 455 2785 927)
477 2721 496 2765 e
519 2701 706 2766 coniectura
721 2709 834 2765 tamen
850 2701 883 2764 iu
899 2709 1027 2764 textum
1044 2698 1207 2775 invehere,
1224 2699 1302 2763 mihi
1313 2699 1445 2781 quidem

269 2820 487 2905 periculosum
522 2821 669 2899 videtur;
704 2822 774 2904 ipse
810 2822 1006 2904 Blaydesius
1041 2823 1151 2886 addit:
1184 2841 1338 2905 „perrara
1372 2829 1447 2884 sunt

267 2943 382 3007 formae
406 2942 585 3026 trisyllabae
609 2942 762 3027 exempla
785 2944 875 3026 apud
898 2944 1018 3008 veteris
1041 2943 1223 3008 comoediae
1246 2943 1395 3027 poetas''.

304 3093 411 3153 Nubb.
431 3094 481 3153 61:

447 3255 531 3335 μετὰ
555 3258 653 3334 τοῦθ’,
679 3253 759 3330 darae
780 3258 834 3338 νῷν
856 3255 964 3335 ἐγένεθ’
990 3257 1050 3331 uile
1073 3251 1182 3334 οὑτοσί,

447 3379 518 3457 ἐμοί
539 3403 575 3444 τε
599 3379 636 3455 δὴ
659 3378 712 3445 nal
736 3389 775 3463 τῇ
798 3379 919 3458 γννοιικδ
943 3381 1078 3462 τοὶνοιθῇ,

447 3501 514 3582 περὶ
538 3505 591 3566 τοῦ
615 3500 763 3580 θνθμοιτοι
786 3502 823 3578 δὴ
847 3502 976 3567 ἐντεῦθεν
988 3503 1009 3588 ²)
1033 3500 1270 3584 ἐλοιδορούμεθα.

300 3704 320 3768 1)
337 3705 504 3755 Scholiastam
530 3705 574 3772 qui
591 3704 699 3769 explicat
716 3704 770 3768 μεθ’
787 3703 900 3768 θτνχθοις
915 3703 978 3768 ἦγεν
993 3706 1086 3771 legisse
1104 3713 1207 3772 apparet
1223 3705 1292 3755 idem
1309 3706 1379 3771 quod
1395 3722 1445 3756 ser·

266 3795 339 3838 vatur
363 3789 390 3838 in
416 3805 468 3839 uuo
494 3788 582 3838 Suidae
608 3789 635 3852 (i.
653 3804 677 3838 v.
704 3787 834 3852 ιἰρίθμνοι)
859 3788 960 3838 codice:
987 3787 1104 3852 ἦρέμντι.
1140 3789 1217 3852 Quod
1234 3789 1320 3854 inepte
1336 3789 1445 3854 vulgatae

264 3871 450 3937 praeterendum
474 3872 593 3922 censebat
616 3872 724 3922 Kuster:
750 3872 830 3922 risum
856 3880 960 3922 movent
985 3873 1099 3938 prolecto
1116 3873 1222 3938 equites,
1239 3873 1284 3938 qui
1302 3873 1401 3938 quietos
1418 3889 1447 3922 se

265 3955 378 4020 praebent
403 3955 509 4006 simulac
535 3955 620 4006 hostes
637 3962 828 4021 conspexerunt.
846 3983 879 3994 -
896 3955 977 4006 Haud
993 3955 1085 4006 melius
1101 3963 1186 4005 tamen
1202 3956 1332 4020 vulgatam
1348 3956 1385 4006 sic
1402 3972 1444 4006 ex·

265 4038 379 4103 plicabat
399 4037 579 4088 Casaubonus:
597 4039 676 4106 „Nou
692 4039 748 4088 sine
765 4039 849 4104 specie
867 4039 996 4104 proverbii
1013 4036 1123 4102 ἀριθμεῖν
1140 4039 1225 4104 posuit
1243 4055 1289 4104 pro
1309 4041 1446 4090 detrectare

265 4136 388 4187 pugnarn,
414 4128 439 4170 et
464 4121 565 4186 quidvis
588 4121 659 4170 aliud
681 4112 747 4171 velle
771 4137 855 4189 agere,
872 4138 949 4188 quam
966 4137 1044 4172 manu
1061 4122 1142 4172 ferire.
1176 4123 1266 4172 Solent
1283 4122 1371 4187 ignavi
1388 4123 1444 4173 viso

266 4202 339 4253 hoste
365 4219 476 4269 quaerere
503 4203 605 4270 effugia,
622 4220 656 4254 ne
672 4211 795 4271 pugnent,
812 4211 840 4254 ut
857 4205 933 4255 docet
949 4205 1079 4270 Theophr.
1097 4204 1154 4268 περὶ
1170 4203 1272 4264 δειλίας.
1306 4207 1379 4255 Inter
1392 4207 1446 4255 alia

265 4286 381 4346 solebant,
399 4287 445 4336 ubi
454 4289 627 4351 pugnandum
643 4294 709 4346 esset,
727 4288 837 4336 hostibus
854 4289 1017 4338 numerandis
1034 4294 1129 4352 tempus
1145 4288 1241 4338 tereri’.

298 4370 320 4433 ἲ)
338 4368 381 4420 Sic
406 4370 431 4419 R
447 4378 472 4420 et
488 4370 562 4421 Cant.
580 4383 609 4437 33
627 4370 670 4420 hic
686 4377 770 4420 autem
787 4386 881 4420 caesura
898 4371 975 4420 valde
990 4378 1028 4421 est
1045 4378 1173 4437 suspecta3
1191 4372 1261 4436 quod
1277 4371 1366 4421 virium
1383 4372 1442 4422 Rei·

265 4452 368 4521 sigium,
394 4452 541 4520 Seagerum‚
558 4454 687 4518 Engerurn
705 4454 785 4504 secuti
801 4453 890 4504 tollere
907 4455 992 4504 conati
1009 4462 1067 4504 sunt
1083 4454 1192 4519 Blaydes
1209 4461 1234 4504 et
1250 4470 1301 4504 van
1317 4456 1445 4505 Leeuwen

266 4535 296 4595 ii
323 4533 422 4588 θντοιῦθ
449 4537 567 4605 edentes3
592 4536 664 4603 quod
689 4553 777 4588 verum
794 4553 849 4589 esse
866 4537 972 4588 videtur.
1007 4538 1044 4597 Διὶ
1062 4535 1155 4590 ἐνθένδε
1174 4537 1282 4589 coniecit
1298 4538 1383 4605 Kock,
1400 4538 1446 4591 sed
