3434 5394
906 505 926 568 8

330 691 423 756 Aves
444 690 637 756 traduntur'’
662 698 696 754 et
717 688 782 754 alia
803 690 974 754 contendit
991 697 1026 754 et
1046 689 1128 756 hoc:
1146 691 1200 768 „in
1214 690 1324 774 priore
1338 690 1506 756 Ranarum

329 821 424 897 parte
446 813 560 898 (usque
582 813 626 876 ad
649 833 698 877 vs.
726 812 821 896 1008)
844 811 1073 876 Ravennatem
1094 820 1128 876 et
1143 812 1309 877 Venetum
1327 833 1371 878 ex
1385 814 1505 878 eodem

331 934 421 1000 fonte
443 941 533 999 ortos
556 932 668 1010 esse;''
692 932 783 1018 quod
806 933 927 998 deinde
950 934 1069 1008 „certis
1084 936 1288 1017 argumentis
1306 936 1508 1000 demonstra·

329 1057 421 1122 tum''
444 1077 523 1123 ase
545 1057 619 1141 ipso
642 1075 713 1120 esse
735 1055 798 1119 sibi
828 1055 999 1140 persuasit.
1046 1055 1176 1140 Nempe
1205 1057 1335 1140 putavit
1356 1057 1407 1121 vir
1429 1058 1508 1122 doc·

329 1180 482 1255 tissimus,
505 1177 653 1243 Velsenii
677 1177 870 1242 auctoritate
891 1186 1071 1260 permotus,
1094 1198 1138 1254 „a
1157 1178 1242 1242 Ran.
1263 1195 1347 1262 1009
1363 1180 1507 1263 incipere

329 1300 466 1365 alteram
492 1319 624 1364 manum
648 1301 755 1382 spatio
779 1319 887 1364 vacuo
909 1299 1023 1364 relicto
1048 1300 1081 1363 in
1104 1298 1169 1364 fine
1188 1301 1320 1385 paginae
1343 1300 1402 1364 61⁵
1417 1302 1446 1377 ,''
1472 1310 1508 1366 ut

329 1422 432 1505 ipsius
453 1420 601 1486 Velsenii
625 1429 697 1486 utar
718 1420 844 1496 verbis3
867 1440 942 1503 quae
963 1429 1075 1486 tamen
1091 1423 1203 1506 opinio
1219 1420 1299 1486 nihil
1314 1423 1380 1486 iam
1396 1423 1505 1488 valere

331 1542 445 1619 debet,
479 1551 653 1625 postquam
686 1541 833 1606 Velsenii
867 1542 919 1606 his
951 1542 984 1605 in
1018 1542 1115 1607 rebus
1139 1545 1307 1608 successor
1331 1544 1505 1620 Zacherus,

330 1665 422 1729 cuius
456 1665 633 1729 auctoritas
667 1665 745 1728 mihi
779 1664 913 1748 quidem
945 1685 1127 1748 permagna
1163 1674 1222 1738 est,
1254 1686 1329 1730 curn
1354 1674 1508 1751 reputem

329 1806 428 1870 quam
452 1795 614 1862 accurate,
636 1807 732 1870 paene
751 1787 820 1850 dixi
835 1805 933 1869 quam
948 1787 1058 1862 anxie,
1074 1787 1107 1849 in
1122 1786 1201 1850 talia
1216 1787 1378 1870 inquirere
1393 1785 1508 1862 soleat,

329 1908 412 1972 haec
438 1908 550 1974 docuit
573 1907 647 1991 (Die
669 1906 923 1972 Handschriften
937 1909 1005 1972 und
1021 1907 1157 1972 Classen
1179 1917 1243 1972 etc.
1264 1931 1297 1993 p.
1316 1910 1407 1995 507):
1426 1909 1508 1984 „mit

329 2029 413 2094 blatt
438 2028 478 2092 61
504 2050 536 2092 v.
561 2054 595 2088 =
619 2030 701 2093 Ran.
730 2043 813 2110 1007
837 2030 975 2112 beginnt
997 2051 1059 2093 nur
1081 2031 1155 2094 eine
1179 2050 1263 2095 neue
1285 2033 1505 2106 tintenuance‚

328 2151 418 2217 nicht
448 2151 528 2216 aber
556 2151 630 2216 eine
660 2172 745 2216 neue
768 2150 890 2216 hand'¹.
935 2151 1096 2216 Praeterea
1118 2161 1207 2218 certa
1232 2153 1288 2218 illa
1310 2161 1507 2235 argumenta

328 2273 406 2339 satis
437 2274 561 2337 incerta
590 2293 663 2338 esse
686 2273 860 2337 ostendere
883 2274 949 2337 iam
972 2274 1117 2338 conabor
1140 2274 1251 2338 omnia
1276 2275 1433 2357 deinceps
1456 2293 1504 2336 re·

328 2398 496 2461 censendo
518 2431 563 2442 -
585 2415 650 2478 qua
674 2397 846 2459 occasione
870 2394 983 2459 oblata
1004 2395 1099 2459 simul
1118 2394 1278 2460 nonnulla
1294 2395 1336 2459 de
1355 2395 1504 2459 versibus

329 2518 435 2582 citatis
457 2519 491 2580 in
515 2517 662 2581 medium
684 2515 858 2601 proferam.
904 2515 989 2581 Sunt
1011 2517 1110 2600 igitur
1132 2516 1195 2580 loci
1219 2518 1337 2600 quibus
1361 2537 1439 2580 usus
1455 2523 1508 2579 est

331 2639 475 2704 Schnee:

373 2802 462 2862 Ran.
486 2819 523 2877 ³3
543 2793 638 2873 ἔγωγ’
656 2798 709 2860 οὐκ
727 2818 789 2881 pro
808 2796 868 2873 ἐγὼ
889 2797 941 2861 οὐκ
960 2798 1082 2863 RV.-
1096 2798 1144 2862 At
1163 2799 1252 2863 idem
1272 2799 1400 2862 habent
1417 2800 1506 2861 dete·

328 2919 430 2982 riores
444 2918 465 3002 ¹)
496 2918 599 2994 multi,
631 2929 666 2983 ut
696 2920 761 2983 iam
784 2919 980 2984 Fritzschius
1003 2921 1123 2996 docuit,
1148 2929 1182 2984 et
1203 2921 1433 3005 vulgatissima
1456 2929 1507 2984 est

245 3055 247 3060 ’
327 3039 410 3104 haec
444 3041 640 3124 corruptela,
671 3063 738 3125 qua
767 3040 889 3106 librarii
920 3063 1003 3124 quos
1030 3041 1221 3106 offendebat
1244 3043 1400 3126 synizesis
1423 3042 1508 3105 inse·

328 3170 462 3232 ruerunt
484 3162 677 3244 particulam
701 3186 747 3240 γε.

372 3331 461 3390 Ran.
492 3344 530 3405 ⁷1
561 3321 687 3401 ἀνάγειν
716 3327 789 3390 RV.
820 3361 865 3376 -
891 3303 970 3392 Hoc
997 3329 1096 3391 etiam
1118 3329 1152 3390 in
1175 3327 1247 3391 aliis
1268 3327 1425 3391 traditum
1452 3335 1506 3390 est

328 3445 514 3525 codicibus;
539 3467 647 3529 neque
671 3449 713 3512 ad
736 3468 848 3512 veram
870 3448 1047 3513 lectionem
1070 3450 1105 3513 in
1126 3449 1247 3513 talibus
1266 3448 1507 3531 quaestionibus

328 3587 508 3651 provocare
534 3548 623 3643 licet,
655 3578 691 3633 ut
721 3572 848 3634 nronuit
877 3592 944 3635 von
971 3571 1137 3654 Bamberg
1159 3571 1212 3655 (de
1240 3572 1338 3635 codd.
1363 3571 1394 3634 R
1417 3579 1450 3634 et
1473 3571 1506 3634 V

328 3711 361 3772 p.
386 3690 428 3773 2).
452 3725 497 3736 -
518 3690 642 3755 Versus
665 3699 778 3756 antem
800 3701 876 3756 sunt
899 3692 951 3755 hi:

529 3855 584 3925 εἶτ’
605 3863 637 3927 ori
660 3861 826 3946 Σοφοκλέα
850 3861 991 3944 πρότερον
1013 3861 1074 3928 ὅντ’
1098 3861 1267 3943 Εὐριπίδου

529 3962 656 4042 μέλλεις
678 3963 812 4042 aiveinon,
835 3963 917 4046 εἴπερ
941 3965 974 4042 γ’
998 3964 1104 4030 ἐκεῖθεν
1129 3963 1178 4028 δεῖ
1196 3973 1223 4029 r·
1245 3962 1341 4042 ἄγειν.

328 4141 517 4206 Deteriores
557 4145 690 4208 codices
724 4144 870 4208 nonnulli
912 4164 973 4228 pro
1011 4141 1136 4221 ἀνάγειν
1169 4143 1295 4208 habent
1328 4143 1503 4220 ἀναγαγεῖν

328 4263 438 4346 idque,
469 4267 590 4330 omissa
618 4267 778 4349 particula
808 4275 850 4344 γ’,
881 4287 981 4350 quam
1006 4269 1037 4331 R
1067 4277 1100 4333 et
1123 4269 1155 4332 V
1178 4288 1314 4352 quoque
1336 4267 1501 4343 omittunt,

361 4508 381 4572 1)
415 4511 550 4563 Brevitatis
583 4527 645 4578 ergo
678 4529 768 4564 omnes
797 4514 900 4564 codices
925 4523 1014 4580 praeter
1038 4517 1063 4566 R
1088 4525 1113 4567 et
1139 4519 1163 4567 V
1188 4516 1376 4584 „deteriorum”
1398 4517 1507 4566 nomine

330 4592 461 4660 indicab03
479 4596 549 4660 quod
565 4601 651 4648 tamen
667 4613 725 4648 cum
741 4599 895 4649 contumelia
913 4614 945 4649 ne
962 4597 1058 4649 dictum
1077 4599 1118 4651 sit.
