3444 5396
803 444 843 531 6⁵

283 635 345 701 Pro
369 633 522 717 λωμτρνὶν
545 638 578 700 in
601 657 649 700 vs.
679 653 761 701 1012
787 657 831 702 ex
854 636 918 701 RV
942 645 976 701 et
998 635 1069 700 aliis
1094 636 1257 702 nonnullis
1274 637 1418 703 editores

237 767 313 842 post
337 758 563 823 Hermannum
586 759 733 842 exceptis
759 757 937 842 Blaydesio
959 767 993 823 et
1008 759 1206 824 Leeuwenio
1223 767 1417 842 receperunt

237 880 348 955 λευκῶν
367 881 399 965 1),
430 880 601 966 vulgatam
632 903 651 946 e
682 880 882 965 glossemate
914 890 1019 945 ortam
1053 882 1124 945 rati.
1171 882 1275 945 Recte
1305 890 1416 946 tamen

236 1002 397 1086 Blaydes:
430 1003 551 1080 „validi
582 1024 621 1067 ac
651 1005 722 1068 sani
754 1004 900 1088 corporis
930 1005 1050 1068 certius
1080 1004 1235 1068 indicium
1258 1013 1309 1068 est
1336 1017 1416 1083 λειμ-

236 1122 350 1204 τρδτκς
383 1146 481 1208 quam
515 1123 662 1200 λευκότης
694 1127 725 1210 (i.
759 1146 787 1189 e.
820 1125 1056 1210 paleness)....
1090 1125 1200 1191 Λευκσὶ
1223 1126 1417 1191 dicebantur

235 1247 385 1312 homines
415 1248 482 1313 albi
511 1247 629 1312 coloris
660 1258 694 1314 et
725 1248 921 1314 delicatuli.”
947 1285 991 1297 -
1014 1247 1156 1314 Accedit
1183 1250 1274 1333 quod
1298 1270 1414 1333 parum

236 1379 313 1455 apte
337 1371 423 1434 inter
444 1392 480 1436 se
497 1380 710 1454 opponuntur
726 1369 817 1451 χροιαὶ
835 1371 927 1445 λευκὴ
944 1381 978 1436 et
995 1370 1086 1451 χρσιῶ
1103 1369 1191 1452 ὠχροὶ
1203 1373 1237 1436 in
1253 1393 1300 1436 vs.
1319 1372 1414 1447 1016,

235 1491 292 1554 ubi
322 1491 433 1567 aeonia
463 1491 640 1577 legendum
672 1513 744 1558 esse
767 1494 907 1558 coniecit
931 1493 1112 1572 Fritzsche;
1143 1495 1199 1576 qui
1224 1494 1302 1558 mihi
1326 1496 1414 1560 viam

235 1615 372 1678 munivit
389 1615 433 1679 ad
447 1617 638 1699 opinionem
658 1616 700 1681 de
719 1617 781 1681 hac
799 1616 992 1699 quaestione
1008 1616 1277 1701 concipiendam:
1294 1637 1414 1700 nempe

234 1736 342 1810 trunio
384 1746 492 1802 ortum
526 1758 599 1804 esse
633 1739 782 1822 suspicor
818 1759 837 1802 e
875 1737 1077 1822 glossemate
1112 1739 1155 1803 ad
1189 1740 1298 1822 ipsum
1333 1737 1413 1803 illud

235 1856 339 1939 ὠχρῶν
362 1860 537 1942 adscripto.

278 2002 477 2079 Nubb.1073.
498 1997 681 2080 „Qualibus
704 1998 801 2062 bonis
823 1997 1038 2081 privaberis”,
1063 1997 1170 2080 inquit
1192 1998 1351 2100 Iniustuso

347 2149 479 2228 παίδων,
504 2157 663 2229 χννωικῶν,
687 2149 861 2229 κοττάβων,
885 2148 974 2232 ὄψων,
1000 2149 1109 2227 πότων,
1132 2157 1320 2233 κιχλισμῶν.

278 2309 340 2372 Pro
371 2311 546 2388 κιχλισμῶν
577 2308 608 2370 R
638 2307 739 2372 habet
769 2311 959 2388 κωχωσμῶν,
991 2307 1091 2389 idque
1114 2316 1307 2390 receperunt
1330 2307 1410 2372 Her-

232 2450 339 2508 mann,
364 2429 514 2503 Dindorl,
545 2429 708 2506 Meineke,
733 2429 841 2505 Kock,
871 2429 1008 2506 Teuffel,
1041 2428 1143 2504 Coen‚
1169 2429 1303 2494 Kahler.
1328 2430 1409 2495 Mihi

230 2561 340 2616 tamen
363 2560 487 2617 certum
510 2552 639 2616 videtur
662 2552 747 2616 hanc
765 2551 941 2617 lectionem
956 2590 999 2600 —
1018 2553 1079 2616 nisi
1096 2573 1187 2616 mero
1204 2573 1313 2618 errore
1331 2561 1410 2619 nata

231 2681 282 2739 est
304 2695 382 2738 -e
405 2674 607 2758 glossemate
630 2684 735 2740 ortam
759 2695 842 2749 esse,
866 2674 908 2738 cl.
933 2674 1054 2739 schol:
1079 2678 1257 2756 κιχλισμῶν
1281 2672 1314 2737 δὲ
1337 2673 1406 2739 σὶντὶ

230 2800 288 2860 τῶν
330 2795 475 2873 γελώτων
508 2794 694 2879 ἀδιαφόρων.
742 2796 950 2861 Clementem
984 2804 1095 2861 autem
1130 2796 1406 2873 Alexandrinum,

229 2919 487 2983 contendentem
528 2916 696 3000 κιχλισμόν
738 2919 781 2983 de
815 2911 1017 2995 mulieribus,
1048 2916 1222 2999 κωχκσμόν
1256 2920 1298 2982 de
1330 2919 1407 2983 viris

230 3042 387 3124 usurpari,
412 3041 482 3124 ipse
505 3041 747 3124 Aristophanes
770 3041 967 3124 redarguere
990 3047 1111 3123 potest,
1134 3039 1323 3122 quiNubb.
1341 3040 1404 3122 983

229 3164 367 3228 verbum
389 3160 549 3244 κιχλίζειν
573 3166 615 3228 de
637 3164 747 3246 pueris
770 3162 916 3227 adhibet.

265 3306 370 3368 Nubb.
388 3307 472 3381 11982

451 3444 523 3529 ὅπερ
547 3447 572 3512 οἱ
595 3445 751 3527 τροτὲνθσιι
774 3444 835 3527 γὰρ
860 3444 979 3511 δοκοῦσί
1000 3468 1052 3524 μοι
1075 3445 1191 3509 τωθεῑν.

273 3602 476 3679 Hermanno,
499 3601 682 3678 Dindorfio,
704 3599 855 3685 Bergkio,
877 3599 1056 3676 Meinekio,
1072 3599 1214 3676 Kockio,
1227 3600 1405 3683 Blaydesio

228 3722 376 3789 fraudem
402 3724 549 3790 lecerunt
571 3724 704 3788 codices
726 3722 756 3783 R
780 3730 813 3787 et
836 3722 879 3798 V,
904 3721 1032 3805 quipro
1046 3722 1287 3787 auleiuhabent
1300 3729 1402 3800 τσιεῖν,

228 3848 341 3930 „quod
371 3868 414 3912 ex
444 3846 712 3931 interpretatione
736 3853 851 3908 natum
874 3844 999 3908 videri’
1024 3865 1091 3909 non
1114 3843 1220 3909 solum
1245 3845 1403 3928 ,‚possit”,

227 3978 262 4032 ut
289 3969 368 4034 dicit
391 3970 570 4044 Hermann,
601 3969 661 4032 sed
692 3967 790 4031 etiam
814 3965 931 4044 debet;
963 3988 1030 4049 quo
1053 3967 1153 4031 modo
1177 3968 1305 4032 inversa
1321 3968 1403 4032 ratio

224 4091 358 4174 probari
380 4093 485 4176 possit
506 4112 574 4156 non
597 4090 716 4167 video;
741 4089 814 4172 quis
838 4089 924 4153 enirn
949 4109 1093 4172 unquam
1118 4093 1210 4154 τνιεῖν
1226 4108 1285 4172 per
1297 4087 1404 4152 τωθεῖν

224 4213 455 4297 interpretatus
478 4213 583 4279 esset?
599 4213 620 4298 2)

225 4347 422 4360 ——

258 4398 280 4464 1)
296 4401 403 4451 Dubitat
419 4407 503 4451 tamen
520 4400 641 4452 Meineke
657 4402 753 4452 Annot.
771 4399 832 4451 Crit
850 4416 876 4466 p.
894 4399 985 4450 LXIV.

257 4481 390 4545 ²)Dubito
416 4484 448 4534 de
472 4485 558 4534 Nubb.
584 4495 642 4551 723,
668 4485 714 4535 ubi
739 4499 788 4550 pro
805 4481 877 4542 oiim
894 4483 925 4533 τί
938 4483 1015 4541 τενεῖς
1032 4481 1113 4533 codex
1130 4483 1185 4534 Par.
1203 4495 1219 4532 2
1236 4482 1314 4533 habet
1330 4480 1402 4541 οὗτος
1516 4541 1520 4550 Ι

224 4565 256 4618 τί
275 4565 398 4629 πάσχεις,
425 4567 512 4635 „quod
538 4583 599 4618 sane
624 4568 728 4619 arridet:
754 4569 785 4618 τί
806 4569 885 4626 mosaic
908 4568 1000 4633 glossae
1016 4567 1124 4618 similius
1141 4575 1178 4618 est
1195 4583 1272 4633 quam
1288 4569 1320 4617 τί
1332 4567 1401 4617 τάσ-

1287 4660 1301 4715 5
