3444 5396
859 493 920 548 100

298 673 331 732 et
360 686 426 732 van
450 665 633 744 Leeuwen3
657 674 766 733 verte:
791 667 946 745 „namin
968 669 1123 732 trutinam
1146 688 1222 733 eum
1246 669 1414 753 imponere
1438 667 1473 730 in

298 790 408 854 animo
442 797 509 854 cst:
544 789 706 875 siquidem
738 789 801 854 hac
831 811 897 854 uua
927 791 1054 854 ratione
1087 789 1170 853 inter
1205 809 1263 853 eos
1297 788 1476 873 disceptari

296 911 428 995 poterit

340 1039 430 1100 Plut.
447 1053 536 1116 ¹0⁰5·
574 1032 730 1119 Queritur
752 1033 873 1112 vetula,
897 1034 988 1118 quod
1007 1053 1134 1119 pauper
1148 1032 1203 1098 ille
1219 1035 1357 1110 iuvenis,
1373 1053 1475 1116 quem

296 1165 394 1222 autea
415 1155 562 1221 habebat
584 1163 774 1232 amatorem,
797 1157 861 1221 ianr
885 1157 955 1221 visu
979 1155 1073 1222 Pluto
1096 1156 1255 1231 restituto,
1279 1173 1315 1218 se
1330 1155 1475 1218 irrideat.

296 1275 357 1342 Cui
382 1275 595 1361 Chremylus:

473 1463 564 1541 δῆλον
587 1461 633 1530 ὅτι
656 1465 729 1540 τοὺς
751 1464 881 1547 τρόπους
904 1489 951 1540 τις
973 1467 1005 1532 ori
1029 1464 1181 1548 μοχθηρὸς
1204 1459 1247 1541 ἦν.

472 1585 582 1652 ἔπειτα
607 1594 747 1655 πλουτῶν
761 1587 782 1673 ¹)
807 1589 898 1654 ciusd’
924 1585 1029 1663 ἥδεται
1054 1593 1155 1672 Φακῇ,

473 1709 530 1791 τρὸ
553 1713 606 1775 τοῦ
630 1710 657 1776 δ’
680 1711 739 1776 ὑπὸ
762 1717 821 1788 τῆς
844 1706 1104 1784 molocinam
1126 1710 1281 1785 κατήσθιε.

336 1889 496 1955 Ultimum
525 1910 656 1954 versum
687 1891 843 1974 exscripsi
874 1890 958 1954 sicut
988 1889 1106 1974 legitur
1132 1891 1166 1954 in
1189 1889 1358 1954 codicibus
1381 1889 1471 1953 dete-

293 2012 385 2076 rioris
426 2021 514 2077 notae
555 2011 736 2096 plerisque3
779 2013 812 2076 in
853 2012 886 2077 V
923 2022 974 2077 est
1014 2006 1144 2076 ἅπαντά
1186 2019 1219 2088 γ’
1253 2009 1341 2086 ἤσθιε,
1373 2012 1406 2074 in
1439 2011 1471 2074 R

292 2127 405 2200 ἅπανθ’
440 2133 582 2210 intirim
616 2128 734 2199 ἅπαντ’
770 2133 892 2209 ἐπήσθιε
925 2135 1042 2199 citatur
1065 2134 1155 2218 apud
1186 2133 1387 2198 Athenaeum
1409 2133 1469 2204 IV.

291 2278 325 2341 p.
360 2254 495 2344 1701D.
538 2255 637 2322 Nulla
666 2257 782 2322 harum
812 2257 989 2322 lectionum
1019 2257 1064 2321 ita
1086 2257 1206 2340 placet,
1229 2265 1265 2321 ut
1288 2257 1368 2340 quin
1390 2276 1469 2320 vera

292 2379 334 2445 sit
367 2379 507 2444 dubitari
541 2399 609 2444 non
639 2380 761 2463 possit;
792 2379 903 2455 imm0,
934 2397 1049 2443 omues
1084 2398 1239 2462 magnam
1271 2375 1468 2460 corruptelae

292 2509 429 2566 movent
462 2502 692 2586 suspicionem.
740 2499 891 2575 Kassiotis
925 2501 1012 2564 enim
1046 2499 1208 2584 significat
1242 2498 1467 2576 „devorabat'.'

291 2623 401 2707 potius
423 2644 522 2707 quam
545 2624 579 2688 id
601 2624 692 2708 quod
715 2623 888 2706 requiritur
911 2621 1168 2699 ‚,comedebat’';
1195 2623 1228 2699 γ’
1245 2623 1278 2686 in
1294 2615 1424 2686 ἅπαντά
1437 2629 1469 2698 γ’

292 2741 371 2818 ἤσθιε
404 2746 474 2809 iure
510 2765 638 2828 quaeras
671 2744 752 2827 quid
774 2743 909 2808 tandem
933 2744 995 2808 sibi
1018 2743 1113 2822 velit;
1137 2764 1179 2808 ne
1202 2738 1319 2808 ἅπαντ’
1345 2743 1468 2819 ἐπήσθιε

290 2865 434 2948 quidem,
475 2887 675 2950 quamquam
712 2867 829 2930 ceteris
868 2852 1012 2950 praestat,
1047 2875 1081 2930 et
1114 2886 1228 2931 revera
1261 2887 1283 2930 a
1313 2866 1467 2949 Bergkio,

290 2987 473 3064 Dindorfio,
504 2987 680 3071 Blaydesio
711 2997 880 3071 receptum
923 2997 984 3063 est,
1018 2988 1061 3052 ab
1091 2989 1164 3070 ipso
1187 2997 1287 3072 poeta
1310 2988 1466 3070 scripturn

290 3128 363 3173 esse
396 3117 523 3192 potest:
560 3118 610 3174 est
651 3111 738 3174 enim
782 3109 979 3186 „obsonium
1017 3109 1229 3186 comedere”;
1272 3109 1363 3192 quod
1404 3110 1466 3172 nisi

288 3229 354 3294 iam
395 3251 457 3314 per
497 3250 533 3295 se
568 3232 675 3315 ipsum
713 3231 791 3296 satis
825 3240 1000 3308 constaret,
1042 3231 1161 3297 docere
1201 3239 1316 3316 posset
1356 3251 1465 3294 exem·

289 3349 417 3434 plorum
444 3352 488 3416 ab
512 3353 585 3436 ipso
609 3350 784 3436 Blaydesio
807 3351 981 3418 allatorum
1013 3354 1120 3438 copia.
1166 3352 1266 3434 Quod
1289 3353 1365 3418 huic
1389 3352 1464 3416 loco

243 3477 246 3484 ’
289 3474 421 3538 minime
445 3485 575 3558 aptum:
600 3477 633 3540 in
656 3475 747 3540 omni
767 3477 854 3542 enim
876 3497 977 3542 caena
1011 3485 1111 3542 antea
1145 3475 1273 3540 iuvenis
1306 3474 1466 3558 quidquid

288 3595 433 3660 invenire
454 3606 595 3681 poterat,
619 3597 794 3662 comedere
816 3607 950 3662 coactus
974 3607 1054 3673 erat,
1077 3618 1143 3661 non
1166 3597 1272 3661 solum
1295 3596 1466 3661 inmensis

287 3718 445 3782 secundis.
469 3717 626 3794 ’Ττήτθιεν
648 3720 790 3803 denique
814 3740 882 3784 non
906 3721 1042 3804 dignum
1065 3728 1115 3783 est
1138 3720 1228 3802 quod
1248 3719 1310 3783 sub
1329 3739 1464 3783 censum

287 3848 439 3903 vocetur:
474 3839 538 3904 hoc
566 3843 652 3905 enim
679 3862 723 3906 ex
751 3863 843 3906 mero
877 3841 998 3906 librarii
1031 3861 1139 3906 errore
1169 3849 1276 3905 ortum
1307 3861 1379 3905 esse
1408 3861 1464 3924 ap·

286 3968 390 4044 paret.
433 3960 578 4026 Omnino
608 3983 691 4047 opus
721 3972 772 4028 est
802 3964 905 4028 verbo
940 3961 1079 4047 simplici
1113 3953 1216 4040 intres,
1248 3963 1340 4045 quod
1370 3961 1463 4026 lenis·

320 4266 340 4330 l)
367 4267 467 4334 „Potest
501 4267 606 4318 fortusse
638 4265 731 4319 intera
768 4269 889 4320 defendi”
913 4297 947 4307 -
972 4269 1008 4320 sic
1042 4267 1162 4319 Meineke
1188 4266 1266 4316 Vind.
1291 4267 1336 4317 Ar.
1360 4284 1385 4333 p.
1403 4281 1460 4330 214.

287 4350 385 4414 Quidni
410 4351 488 4415 igitur
512 4351 561 4400 hoc
584 4351 690 4401 verbum
715 4352 836 4404 intactum
861 4353 964 4419 reliquit
989 4360 1014 4402 et
1038 4369 1083 4403 cur
1107 4353 1235 4419 rescripsit
1259 4353 1365 4402 verbum
1393 4352 1463 4418 apud
1522 4339 1525 4348 ¹

286 4433 483 4498 Aristophanem
509 4434 569 4482 satis
594 4433 736 4484 inauditum
757 4433 930 4498 ζατλτυτῶνῖ
955 4435 1104 4486 Rectissime
1122 4436 1177 4486 haec
1197 4437 1233 4486 sic
1253 4437 1327 4487 vertit
1347 4437 1460 4493 Brunck:

287 4517 416 4582 „Apparet
434 4515 547 4566 moribus
565 4515 642 4565 fuisse
659 4532 712 4566 non
729 4517 868 4584 improbis3
885 4519 979 4573 deinde
996 4519 1067 4570 dives
1084 4521 1172 4588 factus,
1183 4520 1462 4586 nonampliuscapitur

286 4598 430 4648 lenticuls''.
1258 4619 1260 4622 ·
