3434 5394
822 540 866 607 47

252 722 341 777 ratur
372 722 504 788 „tecum
527 712 591 776 duc
614 710 749 776 filium'’.
795 711 923 775 Eadem
946 711 988 774 de
1010 728 1111 774 causa
1136 709 1336 774 reiciendam
1358 729 1430 774 esse

252 853 373 899 censeo
384 833 548 916 Blaydesii
560 827 884 896 coniecturam'eirrrir
896 830 949 896 τὸν
961 830 1020 896 νῦν
1032 828 1201 908 ξυλλαβών
1214 831 1432 898 rescribentis.

298 953 410 1019 Nihilo
433 954 548 1018 melius
570 955 660 1018 idem
682 954 889 1036 Blaydesius,
912 951 1098 1037 Bergkium
1123 952 1331 1030 Teuffelium,
1352 952 1433 1019 Coe·

253 1079 344 1142 nium
367 1085 499 1141 secutus
521 1080 627 1142 Nubb.
645 1097 715 1155 1401
738 1077 862 1159 recepit
883 1075 1060 1140 lectionem
1082 1077 1205 1140 codicis
1229 1076 1277 1139 R:

366 1263 426 1341 ἐγὼ
451 1262 512 1344 γὰρ
535 1259 586 1328 ὅτε
609 1261 666 1340 μὲν
689 1262 800 1344 ἱππικῇ
823 1263 876 1328 τὸν
900 1266 965 1328 νοῦν
989 1261 1076 1342 μόνον
1089 1264 1110 1348 ¹)
1130 1269 1303 1346 προσεῖχον,

366 1384 427 1450 οὐδ’
452 1383 489 1450 ἂν
512 1383 578 1466 τρί’
601 1385 694 1449 εἰπεῖν
718 1383 829 1467 ῥήμαθ’
853 1379 912 1460 οἷος
933 1385 964 1449 τ’
988 1379 1022 1460 ἦν
1045 1386 1110 1450 eri.

299 1565 387 1630 Nam
409 1584 609 1647 quamquam
626 1560 714 1641 μόνον
735 1562 965 1628 adverbialiter
979 1565 1127 1646 usurpari
1143 1585 1241 1648 posse
1258 1564 1435 1644 Blaydesio

254 1686 394 1751 libenter
425 1687 585 1762 conced0,
616 1685 719 1761 locus,
743 1686 799 1750 ubi
824 1687 857 1748 in
881 1694 994 1750 nostro
1016 1706 1113 1750 versu
1137 1688 1280 1771 positum
1302 1697 1354 1752 est
1371 1687 1435 1751 hoc

254 1811 455 1874 adiectivurn
479 1809 701 1872 necessariam
727 1807 805 1872 facit
819 1807 905 1872 hanc
921 1807 1194 1892 explicationem:
1212 1830 1308 1886 „cum
1330 1810 1436 1874 solam

255 1941 394 1996 mentem
428 1931 475 1994 rei
508 1929 650 2012 equestri
684 1929 843 1993 intentam
865 1929 1056 2006 haberem'',
1080 1950 1159 2012 pro:
1184 1952 1281 2005 „cum
1303 1931 1369 1995 soli
1387 1931 1440 1995 rei

252 2051 400 2137 equestri
430 2060 576 2114 mentem
610 2051 771 2114 intentam
800 2049 989 2115 haberem.”
1037 2049 1172 2134 Optime
1205 2052 1304 2135 igitur
1327 2053 1436 2117 codex

257 2183 286 2238 Δ
307 2175 436 2259 praebet
458 2173 493 2237 id
516 2172 607 2255 quod
630 2193 649 2236 e
676 2173 865 2236 coniectura
880 2182 1071 2256 reposuerat
1086 2173 1263 2250 Bentleius,
1280 2175 1436 2257 quodque

256 2305 451 2381 receperunt
481 2296 662 2371 Hermann,
694 2292 858 2368 Meineke,
890 2294 1044 2371 Diodori,
1074 2295 1208 2371 Kiihler,
1240 2295 1346 2373 Kock,
1369 2316 1436 2359 van

258 2419 422 2484 Leeuwen
456 2417 507 2482 τὸν
541 2419 604 2480 νοῦν
637 2412 723 2495 eden.
746 2416 776 2478 Ε
805 2416 1004 2498 glossemate
1035 2437 1114 2481 vero
1149 2425 1221 2481 orta
1253 2426 1304 2481 est
1336 2416 1435 2482 lectio

256 2542 410 2605 codicum
441 2540 508 2604 VA
538 2537 590 2603 τὸν
620 2540 683 2602 νοῦν
715 2559 792 2614 μον,
824 2537 925 2601 ceteri
954 2536 1079 2603 habent
1101 2535 1179 2619 μόνρ
1202 2537 1254 2603 τὸν
1274 2541 1338 2602 νοῦν
1359 2559 1436 2603 cum

256 2663 336 2726 vitio
360 2663 497 2726 metrico
513 2661 545 2744 ²).

303 2890 454 2955 Dubitari
485 2899 596 2972 potest
622 2891 663 2952 de
687 2893 795 2965 vesp.
823 2904 905 2966 1073,
931 2887 987 2951 ubi
1009 2888 1044 2950 in
1066 2885 1167 2952 RBC
1191 2895 1226 2951 et
1248 2888 1282 2950 in
1305 2885 1430 2952 Aldina

257 3012 403 3076 editione
426 3011 651 3093 ῦπερροετροοῦς
672 3012 809 3096 legitur:

393 3169 459 3248 ἥτις
483 3174 567 3251 ἡμῶν
587 3173 668 3238 εὀτνν
691 3174 708 3249 ἦ
733 3172 844 3238 ’πίνοοοο
863 3170 960 3249 τῆσδε
981 3179 1038 3248 τῆς
1060 3170 1268 3253 ἐνκεντρίδοςς

257 3351 358 3416 ceteri
381 3351 512 3415 codices
533 3350 660 3416 habent
682 3347 747 3426 ἥτις
769 3352 854 3429 ἡμῶν
877 3349 958 3416 εὀτνν
981 3352 998 3426 ἡ
1023 3348 1133 3415 'vivom
1156 3357 1214 3426 τῆς
1237 3349 1436 3433 ἐγκεντρίδος,
1468 3397 1470 3400 >

256 3474 349 3554 quod
373 3475 576 3537 retinuerunt
595 3473 747 3550 Diodors,
768 3472 934 3556 Hirschig,
948 3472 1114 3550 Meineke,
1127 3472 1255 3538 Starkie
1268 3473 1300 3558 3).
1323 3473 1436 3557 Aegre

256 3603 369 3659 tamen
399 3595 452 3659 hic
483 3604 612 3659 caretur
634 3597 828 3679 pronomine
852 3596 1126 3673 demonstrativo;
1150 3615 1312 3678 perquam
1336 3595 1436 3679 igitur

257 3725 310 3779 est
331 3717 512 3799 probabilis
532 3717 658 3781 Bentlei
677 3718 866 3781 coniectura
881 3717 1104 3781 rescribentis:
1122 3713 1187 3792 ἥτις
1199 3716 1281 3782 ἐστὶν
1294 3720 1311 3792 ἡ
1325 3717 1437 3783 'vivore

257 3835 356 3912 τῆσδε
384 3845 441 3913 τῆς
472 3836 669 3919 ἐγκεντρίδος,
700 3841 790 3923 quod
821 3848 1015 3923 receperunt
1037 3840 1180 3918 Richter,
1204 3862 1235 3904 v.
1260 3841 1435 3920 Leeuwen‚

292 4046 312 4110 1)
328 4048 404 4109 μόνην
419 4048 497 4098 habet
513 4049 537 4097 R
553 4049 693 4098 secundum
709 4064 788 4099 nuum
805 4049 1014 4100 Herwerdenum.

291 4131 314 4194 ²)
331 4130 429 4181 Similis
446 4132 552 4196 quaestio
569 4147 597 4180 se
614 4131 687 4181 offert
702 4133 772 4182 plur.
793 4131 854 4198 185:
872 4135 992 4195 κρατοῦσι
1009 4134 1073 4194 γοῦν
1090 4131 1137 4183 κᾶν
1153 4134 1208 4192 τοῖς
1224 4132 1345 4196 πολέμοις
1360 4132 1436 4184 ἱκέσ-

256 4230 320 4263 τοτι
336 4213 341 4280 Ι
356 4212 396 4274 ἐφ’
413 4210 448 4271 οἷς
465 4212 495 4262 ἃν
512 4211 585 4272 οὗτος
600 4211 783 4279 ἐπικαθέζηται
801 4219 873 4278 μόνον
892 4243 924 4255 -
939 4217 995 4266 haec
1011 4217 1089 4266 habet
1099 4218 1136 4283 R;
1146 4217 1237 4267 chm
1245 4217 1333 4268 ceteris
1342 4220 1437 4283 praebet

259 4297 339 4357 μόνος,
364 4297 435 4362 quod
460 4297 567 4346 omnino
593 4297 762 4366 reiciendum3
788 4299 930 4364 probabilis
955 4306 1040 4350 eutem
1065 4307 1103 4350 est
1126 4300 1242 4350 Velsenii
1259 4306 1284 4350 et
1307 4300 1438 4367 Blaydesii

257 4379 403 4429 coniectura
419 4382 488 4442 μόνον
505 4381 711 4446 proponentium.

293 4462 372 4526 Apud
394 4463 509 4526 Thucyd.
534 4464 597 4512 VIII
624 4473 655 4528 73
682 4463 696 4532 ᾖ
718 4478 747 4526 4:
775 4463 805 4514 δι’
832 4463 860 4523 ἣν
886 4465 959 4528 μόνον
975 4463 990 4523 ἡ
1007 4463 1076 4528 ἀρχὴ
1095 4464 1129 4523 εἷς
1146 4468 1225 4516 τοῦτο
1242 4465 1368 4530 {usipetes
1384 4484 1438 4520 non

259 4545 349 4594 dubito
366 4547 429 4611 quin
446 4549 519 4608 μόνον
536 4547 592 4596 iure
609 4547 637 4596 in
654 4549 729 4610 μόνον
745 4549 846 4599 mutarit
863 4541 982 4599 Stahlius'.
1026 4582 1027 4587 =

292 4628 311 4690 3)
328 4629 455 4680 Probante
472 4630 671 4681 Wilamowitzio
689 4632 723 4681 ad
740 4633 817 4682 Herc.
838 4643 886 4696 προ
904 4632 962 4696 (Ed.
980 4632 1014 4700 11,
1031 4632 1105 4682 Tom.
1122 4633 1157 4700 11,
1174 4649 1201 4698 p.
1217 4637 1270 4698 47).
