3444 5396
897 507 939 573 72

326 679 478 752 Diodori,
500 699 564 742 van
585 678 719 755 Velsen‚
744 677 852 755 Kock,
886 678 1029 756 Zacher;
1053 679 1106 743 vel
1136 685 1244 759 vesp.
1262 700 1320 756 uu,
1351 680 1407 744 ubi
1439 698 1502 763 pro

327 797 388 879 οἶγε
418 803 467 865 νῦν
498 797 603 874 ἐπειδὴ
634 802 667 864 in
691 801 724 865 V
746 799 866 884 legitur
888 797 950 879 θονε
976 800 1013 876 δη
1035 800 1150 878 ἐπειδή.

371 923 428 988 Ad
452 925 541 988 idern
565 945 670 1008 genus
694 921 901 988 referendum
925 925 1014 1007 quod
1037 929 1141 990 Nubb.
1159 931 1234 1005 386:

462 1077 517 1154 ἤδη
542 1075 646 1159 ζωμοῦ
670 1075 885 1153 Παναθηναίοις
908 1077 1095 1156 ἐμπλησθεὶς
1117 1073 1173 1143 εἶτ’
1198 1077 1373 1161 ἐταράχθης

461 1201 518 1277 την
541 1199 682 1282 γαστέρα
704 1201 782 1276 κτὲ.,

328 1342 361 1404 in
396 1340 564 1404 deterioris
599 1349 687 1405 notae
723 1340 887 1405 nonnullis
922 1341 1090 1406 codicibus
1124 1341 1157 1404 in
1191 1349 1320 1406 textum
1352 1349 1431 1424 post
1453 1338 1509 1415 ἤδη

327 1464 456 1546 irrepsit
486 1461 684 1527 vocabulum
717 1461 802 1537 τοτὲ,
825 1464 916 1545 quod
939 1464 972 1526 in
995 1464 1118 1529 codicis
1141 1465 1212 1527 Par.
1241 1481 1253 1527 1
1281 1464 1429 1547 margine
1453 1463 1508 1526 ad-

328 1586 484 1669 scriptum
507 1594 567 1650 est.
613 1585 711 1650 Unde
736 1595 875 1670 apparet
897 1588 930 1651 in
953 1592 1098 1653 Nublum
1116 1607 1224 1654 versu
1243 1591 1323 1666 7662

554 1771 609 1848 ἤδη
633 1771 718 1853 σαρθο
741 1779 818 1838 τοῖσι
841 1771 1114 1856 Φαρμακοτῶλανς
1135 1773 1191 1848 την
1214 1772 1291 1838 λθθον

554 1894 671 1971 ταύτην
695 1895 820 1977 ἑόρακας
841 1897 907 1961 κτὲ.

331 2078 557 2142 Hermannum
579 2077 695 2140 iniuria
717 2076 912 2140 coniecisse:

531 2244 586 2322 ἤδη
610 2245 687 2311 τοτὲ
711 2245 797 2328 ταροὶ
820 2253 883 2318 τοῖς
906 2247 1179 2329 Φαρμακοτθλαος
1200 2247 1276 2325 κτὲ.,

333 2447 374 2490 eo
404 2426 522 2490 fretum
546 2426 636 2508 quod
658 2427 691 2489 in
715 2426 879 2491 nonnullis
901 2427 1071 2491 codicibus
1093 2426 1247 2490 traditum
1271 2435 1322 2489 est
1344 2423 1399 2499 ἤδη
1423 2422 1509 2489 τοτὲ.

334 2549 453 2631 Neque
476 2548 551 2612 huic
574 2549 771 2612 coniecturae
794 2568 838 2612 ex
861 2569 902 2610 eo
927 2547 1064 2611 fulcrum
1087 2556 1200 2631 petere
1223 2549 1253 2611 ei
1276 2546 1397 2611 licebat
1418 2546 1510 2628 quod

333 2673 366 2735 in
390 2672 583 2735 Ravennate
606 2692 667 2754 pro
691 2675 769 2733 τοῖσι
792 2678 842 2734 est
865 2675 937 2746 τοῖς,
962 2690 1038 2733 nam
1051 2669 1139 2732 nulla
1151 2671 1245 2734 metri
1258 2671 1384 2733 ratione
1394 2669 1509 2733 habita

333 2792 446 2856 sormae
480 2794 513 2856 in
536 2830 547 2840 ·
569 2815 610 2864 ονς
632 2801 666 2856 et
688 2792 721 2854 in
744 2828 754 2839 ·
778 2814 832 2855 ονσν
867 2799 1026 2855 exeuntes
1059 2793 1182 2873 passim
1209 2791 1452 2857 confunduntur
1474 2792 1507 2855 in

333 2915 501 2980 codicibus
524 2915 787 3000 Aristophaneis

378 3161 416 3224 In
440 3161 726 3245 praepositionibus
749 3158 893 3243 exempli
916 3160 1021 3242 gratia
1045 3169 1185 3224 erratum
1202 3168 1253 3224 est
1268 3165 1356 3227 Ran.
1373 3181 1439 3236 τοο,
1453 3160 1509 3224 ubi

333 3305 395 3368 pro
418 3281 479 3367 θδθρ
501 3291 558 3359 τῆς
580 3281 688 3366 φρενός
710 3284 888 3347 Ravennas
912 3291 945 3346 et
968 3283 1021 3345 alii
1045 3283 1190 3346 nonnulli
1214 3283 1341 3347 habent
1363 3279 1433 3347 ἄνευ
1453 3290 1510 3358 τῆς

336 3405 452 3489 Φρενθς,
483 3406 524 3471 cf.
554 3406 657 3470 schol.
690 3403 761 3494 blo]
787 3401 876 3480 ἔθνεος
907 3403 980 3492 bie]
1006 3403 1098 3486 χωρίς
1112 3404 1149 3489 ¹);
1180 3404 1234 3469 vel
1257 3410 1346 3471 Ran.
1364 3425 1435 3486 329,
1454 3406 1509 3468 ubi

335 3529 480 3615 plerique
512 3528 669 3594 inferioris
700 3529 823 3593 ordinis
853 3528 984 3591 codices
1007 3548 1074 3591 non
1099 3525 1165 3607 περὶ
1189 3526 1279 3608 κρατὶ
1303 3527 1343 3620 σῷ
1366 3527 1509 3609 βρύοντα,

335 3652 395 3716 sed
424 3650 514 3732 ἀμφὶ
544 3674 588 3731 κρ.
614 3674 643 3718 σ.
667 3648 717 3731 βρ.
741 3650 880 3728 habent;
906 3649 960 3714 vel
982 3654 1088 3716 Nubb.
1114 3670 1182 3731 237,
1207 3650 1263 3714 ubi
1287 3650 1325 3722 ὥς
1347 3649 1403 3728 ἐμὲ
1426 3652 1460 3715 in
1484 3659 1509 3714 Φ

335 3783 369 3838 et
392 3774 473 3836 Mut.
498 3790 515 3854 3
540 3773 620 3837 abiit
642 3773 675 3836 in
699 3772 741 3847 εἷς
763 3770 829 3851 ἐμέ.

379 3895 464 3977 Quae
487 3895 676 3960 observatio
699 3895 776 3960 facit
797 3897 841 3959 ad
863 3900 991 3975 Equrtt.
1010 3914 1070 3976 751,
1099 3896 1155 3960 ubi
1180 3898 1306 3962 Demus
1330 3898 1511 3964 secundum

335 4017 510 4102 plerosque
533 4018 664 4082 codices
687 4017 780 4081 dicit:

480 4204 554 4268 ἀλλ’
578 4204 619 4275 εἷς
641 4202 676 4267 τθ
700 4201 817 4283 τρθσθε.
843 4202 905 4284 χρη
931 4211 1069 4287 σαρεῑναο
1091 4207 1132 4278 εἷς
1154 4207 1209 4282 τθην
1232 4205 1346 4271 Πθκνα.

370 4396 389 4459 1)
408 4395 485 4511 χθθίίθ
508 4462 585 4513 habet
609 4462 634 4511 V
658 4477 707 4511 sec.
726 4461 859 4511 Cobetum.
877 4489 911 4500 -
928 4461 972 4511 Sic
988 4463 1057 4511 Ran.
1074 4461 1124 4527 978
1140 4479 1187 4528 pro
1205 4463 1374 4514 κάνασκοπεῖν
1390 4462 1417 4510 in
1434 4463 1459 4511 R
1476 4470 1514 4513 est

919 4560 966 4592 αθθθ

338 4615 360 4664 κ’
379 4611 408 4662 ἂν
425 4611 593 4670 &wocronin
611 4612 681 4682 quod
698 4618 780 4662 ortum
798 4619 834 4663 est
851 4629 882 4662 ex
899 4613 1077 4662 κατοσκσνσεΐν.
