3434 5394
926 471 965 517 12

349 643 494 708 vendam
508 651 579 706 turn
593 642 728 706 demum
748 637 864 704 melius
878 639 983 722 parati
1003 639 1163 704 accedere
1183 659 1368 723 possemus,
1381 640 1408 702 si
1430 637 1533 703 multo

351 764 462 850 plures
492 764 560 829 noti
592 768 703 828 essent
737 761 881 836 codices,
906 781 1046 846 quorum
1068 760 1207 826 alterum
1230 780 1274 826 ex
1296 760 1399 825 altero
1422 780 1537 842 prove·

353 883 440 948 nisse
462 890 637 946 constaret.
684 879 728 944 Et
750 899 917 943 sumamus
932 878 998 942 iam
1013 879 1140 963 ingenti
1155 877 1281 954 labore,
1297 877 1401 944 multo
1417 879 1536 943 sudore

354 1025 374 1070 a
396 1005 467 1068 viro
490 1002 636 1088 quodam
659 1003 808 1085 impense
831 1001 943 1075 docto,
966 1009 1075 1076 acuto,
1098 1009 1254 1065 accurato
1277 1002 1448 1065 inventam
1464 1020 1537 1064 esse

353 1125 410 1200 riu
440 1121 543 1201 triam
575 1123 657 1206 quid
687 1132 757 1187 tum
788 1121 902 1187 lucrati
933 1121 1073 1188 erimus?
1118 1122 1233 1186 Eritne
1256 1141 1397 1207 magnus
1421 1142 1534 1186 eorum

353 1247 502 1312 locorum
536 1265 702 1320 numerus,
737 1246 793 1328 qui
827 1243 891 1309 hoc
924 1246 1071 1310 remedio
1106 1246 1170 1309 sint
1204 1246 1309 1310 sanati
1340 1243 1394 1308 vel
1418 1245 1536 1308 melius

354 1366 528 1452 explicati?
573 1366 650 1430 Non
673 1367 801 1451 opinor.

398 1488 558 1554 Attamen
580 1489 733 1553 codicum
756 1508 856 1571 quam
878 1487 1122 1552 accuratissima
1138 1489 1284 1571 cognitio
1300 1488 1472 1571 permagni
1487 1495 1535 1550 est

354 1609 508 1675 iacienda
530 1616 565 1673 et
588 1607 741 1673 diuturno
764 1608 877 1674 labore
900 1608 1085 1692 condigna;
1110 1610 1170 1672 sed
1194 1607 1247 1673 hic
1270 1609 1366 1672 unice
1382 1607 1534 1691 equidem

355 1751 467 1796 veram
490 1749 563 1796 esse
586 1749 707 1794 censeo
734 1749 808 1795 eam
831 1731 1003 1806 rationem,
1025 1750 1127 1812 quam
1151 1731 1386 1794 commendare
1410 1729 1536 1793 solebat

357 1851 509 1936 egregius
535 1849 590 1915 ille
620 1849 820 1935 philologus,
851 1851 944 1915 cuius
974 1870 1035 1914 nos
1058 1851 1213 1928 iuniores,
1237 1871 1440 1934 quamquam
1463 1870 1534 1914 eum

357 1972 527 2056 adspicere
550 1981 584 2036 et
605 1971 718 2036 audire
742 1973 838 2036 nobis
854 1993 921 2036 non
936 1971 1035 2047 licuit,
1048 1981 1160 2038 tamen
1173 1993 1216 2037 ex
1232 1971 1323 2037 libris
1339 1992 1423 2056 quos
1442 1971 1533 2036 nobis

357 2093 495 2178 reliquit,
526 2095 671 2158 vividam
693 2094 870 2178 imaginem
892 2093 1017 2178 fingere
1042 2096 1137 2160 nobis
1161 2115 1344 2179 possumus,
1374 2093 1533 2159 Cobetum

358 2215 446 2282 volo.
492 2216 540 2282 Ut
562 2217 651 2280 enim
674 2217 805 2280 codices
829 2237 888 2281 suo
910 2218 1017 2300 pretio
1040 2219 1202 2282 aestimare
1226 2220 1343 2292 discas,
1368 2226 1470 2299 utque
1491 2217 1534 2278 iu·

356 2338 496 2422 tellegas
520 2339 600 2420 quid
619 2336 766 2401 utilitatis
788 2358 832 2403 ex
854 2339 892 2402 iis
915 2339 1040 2422 percipi
1063 2341 1178 2422 possit,
1202 2359 1286 2422 opus
1309 2348 1369 2414 est,
1386 2348 1534 2421 utusque

356 2461 390 2526 in
421 2459 564 2522 minutiis
594 2466 628 2522 te
659 2460 767 2542 ipsum
792 2460 932 2524 edoceas
955 2462 1124 2542 quomodo
1146 2481 1285 2544 peccare
1309 2461 1396 2525 soliti
1421 2460 1536 2524 fuerint

356 2581 497 2657 librarii;
521 2581 567 2644 sic
590 2580 732 2663 denique
756 2600 872 2645 cavere
894 2583 1018 2664 poteris
1042 2603 1084 2646 ne
1108 2583 1246 2646 nimium
1261 2583 1387 2648 tribuas
1403 2583 1533 2648 lectioni

357 2711 496 2768 servatae
527 2703 560 2767 in
591 2701 700 2784 aliquo
731 2703 856 2778 codice,
892 2722 967 2785 quae
996 2704 1147 2786 quamvis
1177 2706 1285 2787 primo
1308 2706 1470 2788 adspectu
1495 2705 1534 2766 sit

357 2823 546 2908 probabilis,
577 2832 690 2887 tamen
713 2824 742 2886 ei
765 2825 825 2905 qui
848 2843 917 2887 rem
933 2826 1114 2889 accuratius
1138 2847 1250 2890 secum
1273 2827 1443 2908 reputarit,
1468 2825 1534 2889 vitii

357 2952 511 3028 suspecta
541 2963 613 3008 esse
636 2943 774 3022 debeat;
800 2965 884 3009 neve
907 2967 981 3009 cum
1004 2955 1198 3030 contemptu
1221 2948 1346 3011 abicias
1369 2947 1534 3021 lectiones,

357 3087 440 3150 quae,
472 3065 664 3149 corruptelae
694 3066 788 3150 signa
818 3076 932 3149 aperte
964 3070 998 3132 in
1029 3067 1137 3132 fronte
1167 3078 1332 3152 gerentes,
1364 3070 1537 3154 diligenter

353 3197 467 3254 tamen
483 3187 697 3251 consideratae
716 3189 803 3252 viam
815 3188 859 3252 ad
870 3209 984 3253 verum
996 3190 1229 3255 inveniendum
1243 3193 1388 3257 indicare
1400 3192 1535 3275 possint.

400 3309 504 3394 Igitur
531 3308 737 3392 cognationis
765 3308 849 3373 illius
881 3312 1033 3376 codicum
1057 3312 1146 3376 nulla
1169 3312 1237 3377 iere
1261 3315 1389 3378 ratione
1412 3314 1535 3388 habita,

357 3431 432 3497 huic
466 3429 512 3493 rei
546 3428 703 3511 imprimis
737 3450 873 3513 operam
907 3433 994 3512 dedi,
1030 3441 1066 3498 ut
1098 3435 1217 3516 quibus
1239 3435 1326 3499 vitiis
1349 3434 1536 3500 laborarent

357 3551 522 3638 principes
564 3550 697 3614 codices
739 3550 986 3638 Aristophanei,
1026 3557 1138 3638 quoad
1172 3557 1268 3624 huius
1306 3557 1375 3622 fieri
1412 3564 1535 3641 posset,

357 3671 488 3762 penitus
510 3689 762 3754 cognoscerem
794 3673 856 3738 hac
879 3696 994 3741 norma
1018 3676 1201 3742 fabularum
1224 3681 1257 3742 in
1280 3679 1414 3744 Veneto
1430 3698 1535 3743 serva-

356 3803 463 3859 tarum
492 3791 599 3856 varias
629 3791 788 3857 lectiones
817 3815 886 3878 prae
906 3800 1033 3864 ceteris
1064 3808 1179 3864 notatu
1210 3802 1328 3884 dignas
1359 3802 1536 3865 diiudicare

357 3922 495 3980 conatus
526 3933 607 3977 sum.
654 3913 805 3996 Quorum
839 3920 1047 3985 conaminum
1086 3922 1266 4005 specimina
1300 3924 1463 4006 quaedam
1502 3923 1535 3986 in

357 4034 519 4119 capitibus
543 4035 755 4118 sequentibus
778 4036 922 4120 proferre
944 4041 978 4103 in
1001 4042 1112 4114 animo
1135 4053 1195 4108 est.

848 4334 1043 4346 ———-...
