3444 5396
819 530 882 598 103

259 700 412 786 neglecta
436 723 503 768 una
525 702 644 768 vocula
659 723 734 786 quae
749 704 848 767 etiam
863 703 906 767 ad
922 705 1118 768 sententiam
1135 705 1310 769 verborum
1327 725 1438 769 neces·

259 824 345 888 saria
367 823 433 888 esti
459 824 654 890 Cautissime
677 825 774 909 igitur
797 846 897 909 agere
917 826 1087 903 debemus,
1105 827 1161 891 ubi
1177 827 1298 891 talibus
1314 826 1439 891 vitiosis

259 947 454 1012 lectionibus
476 949 526 1012 usi
549 958 658 1031 poetae
681 949 783 1013 verba
805 950 975 1013 restituere
998 969 1165 1014 conamur.
1197 948 1297 1030 Quod
1320 950 1439 1032 saepius

260 1069 476 1154 neglexerunt
516 1071 668 1136 editores.
715 1071 763 1136 Ut
797 1071 885 1135 enim
917 1072 1028 1136 statim
1058 1071 1101 1136 ab
1136 1071 1254 1156 insigni
1285 1072 1440 1155 incipiam

260 1191 425 1276 exemplo,
449 1194 482 1257 in
505 1199 650 1259 Nubium
668 1214 776 1260 versu
794 1215 879 1273 1233:

260 1355 428 1440 ῌΛΣΙΑΣ.
452 1347 505 1413 καὶ
529 1351 621 1413 ταῦτ’
644 1347 793 1424 ἐθελήσεις
814 1345 974 1428 ἀπομόσαι
998 1372 1049 1427 μοι
1072 1347 1144 1421 τοὺς
1167 1348 1256 1423 θεοὺς,

454 1465 489 1534 ἵν’
513 1467 551 1535 ἂν
573 1469 705 1535 κελεύσω
730 1469 790 1549 ἐγώ
815 1491 867 1549 σε;
892 1479 981 1535 ΣΤΡ.
1004 1468 1075 1544 τοὺς
1099 1469 1201 1544 ποίους
1224 1470 1323 1550 ircim

843 1617 895 1659 τον
918 1593 1050 1659 Ποσειδῶ
1073 1594 1148 1669 xri,

259 1753 369 1808 nemo,
393 1732 453 1796 nisi
478 1731 580 1810 fallor,
605 1753 750 1816 unquam
773 1733 977 1809 offendisset,
1001 1733 1062 1796 nisi
1085 1733 1146 1798 soli
1166 1734 1336 1798 deterioris
1352 1744 1440 1800 notae

258 1853 404 1919 nonnulli
436 1856 567 1920 codices
599 1864 719 1930 essent,
750 1856 806 1937 qui
830 1876 960 1919 versum
983 1856 1030 1920 sic
1054 1855 1196 1931 tradant,
1219 1876 1295 1920 cum
1318 1858 1351 1920 in
1374 1857 1439 1920 RV

258 1987 292 2042 et
315 1977 424 2041 multis
447 1977 518 2042 aliis
541 1979 710 2042 omittatur
732 1975 814 2054 τοὺς,
838 1979 872 2041 in
896 1999 962 2042 uno
984 1999 1063 2042 vero
1088 1979 1118 2041 R
1141 1986 1248 2042 toturn
1262 1977 1341 2041 illud
1355 1975 1389 2041 ἵν’
1402 1975 1439 2042 ἂν

256 2097 389 2164 κελεύσω
413 2098 472 2177 ἐγώ
498 2122 540 2164 σε.
586 2100 696 2181 Quem
718 2100 867 2164 codicem
879 2101 981 2164 secuti
993 2109 1068 2164 sunt
1081 2101 1260 2176 Hermann,
1275 2100 1439 2177 Meineke,

257 2222 396 2300 Teuffel,
421 2223 524 2300 Coen,
542 2221 692 2298 Dindors,
710 2222 844 2297 Kihler,
862 2222 970 2297 Kock,
987 2223 1143 2305 Blaydes,
1161 2224 1205 2287 ita
1221 2232 1257 2287 ut
1273 2244 1440 2288 monome-

258 2350 344 2409 trum
368 2344 469 2418 ποίους
492 2343 572 2419 θεούς
595 2347 680 2410 inter
695 2346 858 2411 trimetros
874 2347 1029 2410 insertum
1046 2367 1118 2409 esse
1134 2355 1332 2423 statuerent;
1349 2349 1441 2430 quod

258 2472 368 2535 sinunt
389 2469 535 2534 Acharn.
559 2487 636 2548 404,
661 2486 725 2553 407
744 2468 775 2555 ¹),
792 2468 904 2535 Nubb.
923 2486 998 2533 222.
1023 2468 1113 2532 Talis
1124 2478 1235 2533 tamen
1248 2471 1439 2553 interruptio

257 2602 315 2657 aut
349 2595 405 2657 ubi
439 2601 575 2657 vocatur
610 2591 725 2674 aliquis
759 2591 908 2656 adhiberi
940 2600 1060 2675 potest,
1091 2601 1149 2656 aut
1179 2592 1334 2656 indicium
1366 2614 1439 2658 esse

259 2715 359 2779 debet
382 2715 481 2778 animi
504 2713 719 2778 vehementer
740 2714 905 2789 concitati,
929 2713 983 2778 vel
1007 2713 1090 2788 irati,
1113 2712 1165 2777 vel
1185 2715 1347 2794 mirantis3
1365 2737 1440 2798 quae

260 2837 371 2902 omnia
394 2837 545 2920 graviora
567 2844 644 2899 sunt
665 2855 727 2918 pro
751 2844 864 2900 nostro
890 2855 996 2899 versu.
1043 2836 1176 2900 Deinde
1205 2834 1309 2901 multo
1332 2838 1440 2922 aptius

260 2960 314 3024 hic
337 2968 390 3024 est
415 2957 488 3031 τοὺς
511 2956 612 3031 ποίους
637 2955 717 3032 θεούς
740 2958 936 3042 („quosnam
959 2958 1057 3042 igitur
1076 2957 1195 3022 deos?''
1212 2966 1248 3022 ut
1263 2959 1360 3022 vertit
1375 2978 1440 3024 van

260 3081 438 3164 Leeuwen)
461 3101 560 3164 quam
586 3077 695 3152 ποίους,
710 3077 791 3154 θεούς
814 3080 932 3165 („quid
956 3081 1036 3144 deos
1056 3080 1198 3162 loqueris
1208 3077 1262 3163 ?”).
1287 3079 1439 3162 Denique

258 3205 285 3268 si
311 3204 365 3287 qui
389 3203 539 3267 librarius
562 3222 694 3267 versum
717 3223 869 3267 mancum
893 3201 1026 3286 explere
1050 3201 1216 3278 voluisset,
1239 3203 1267 3266 is
1282 3223 1350 3266 non
1368 3223 1439 3287 par·

258 3325 393 3390 ticulam
417 3321 464 3389 tta
486 3325 550 3389 hoc
573 3326 648 3389 loco
670 3324 890 3390 adhibuisset:
916 3324 1076 3389 eiusmodi
1099 3325 1187 3388 enim
1203 3324 1298 3388 huius
1313 3324 1439 3388 voculae

261 3469 356 3512 usum
387 3469 430 3512 ex
453 3448 567 3529 priscis
587 3446 888 3511 iurisconsultorum
914 3446 1061 3510 formulis
1085 3446 1290 3522 remansisse,
1311 3446 1439 3510 monuit

259 3591 326 3635 van
357 3572 530 3634 Leeuwen.
576 3569 719 3633 Versum
747 3570 845 3653 igitur
875 3569 1083 3633 retinendum
1107 3588 1228 3650 censeo
1245 3566 1276 3652 ²),
1300 3569 1383 3632 sicut
1405 3569 1438 3632 in

259 3694 425 3777 plerisque
455 3693 623 3758 codicibus
653 3691 791 3757 traditus
814 3700 874 3768 est,
898 3711 1006 3773 neque
1030 3689 1325 3773 obtemperandum
1341 3690 1438 3774 Berg-

259 3815 326 3893 kio,
349 3817 406 3899 qui
428 3816 611 3898 rescripsit:

393 3978 481 4035 ΣΤΡ.
508 3969 609 4045 ποίους
633 3967 732 4048 demin
756 3977 826 4033 HA.
850 3961 880 4033 iu
903 3965 939 4034 tv
963 3965 1097 4035 κελεύσω
1120 3966 1222 4046 ”γωγε’
1245 3991 1289 4032 σε.

304 4119 387 4183 Tam
412 4119 553 4204 insignia
575 4128 686 4183 autem
709 4117 863 4201 exempla
887 4138 961 4200 quae
984 4125 1122 4181 tractem
1144 4115 1209 4180 alia
1228 4137 1294 4180 non
1311 4115 1435 4193 habeo;

257 4315 346 4365 omnia
368 4315 493 4381 populum
519 4315 566 4364 tibi
592 4312 715 4362 concilia:
741 4313 791 4378 vel,
817 4320 874 4362 ante
896 4311 984 4362 omnia
1008 4309 1192 4377 pinguedinem
1209 4310 1291 4376 adjice
1307 4309 1387 4360 cibis'’
1404 4339 1438 4349 -

258 4399 347 4448 ultime
363 4399 433 4448 enim
450 4397 601 4463 significatio
620 4397 662 4446 vix
680 4413 694 4447 e
710 4405 792 4462 poetae
807 4397 892 4446 verbis
908 4395 967 4445 elici
984 4402 1074 4461 potest.

292 4481 314 4545 l)
332 4483 410 4531 Hunc
435 4490 521 4531 tamen
547 4488 733 4530 monometrum
759 4478 819 4529 ἀλλ’
845 4476 872 4528 oi
899 4476 986 4541 σχολή
1004 4479 1077 4529 aliter
1092 4477 1176 4528 verbis
1194 4477 1323 4544 dispositis
1340 4479 1438 4530 sustulit

259 4564 396 4614 Bentleius.

292 4648 314 4711 2>
332 4648 449 4698 Eandem
466 4647 616 4714 opinionem
634 4647 749 4698 defendit
765 4648 797 4698 R.
815 4646 922 4716 Schnee,
937 4647 979 4697 De
996 4647 1040 4698 Ar.
1058 4646 1138 4698 codd.
1159 4645 1232 4713 1876,
1248 4660 1274 4712 p.
1290 4659 1323 4708 42
1341 4661 1395 4715 sqq.
