3444 5396
909 472 962 562 96.

343 672 462 748 praeter
494 682 572 728 eum
602 665 659 748 qui
682 661 824 729 confecit
846 661 964 726 librum
987 661 1035 738 R;
1066 661 1120 726 hic
1143 661 1236 726 dedit
1259 660 1385 726 nudum
1411 660 1527 738 ἠγγελ-

342 800 449 930 μίνίίς.
495 850 595 917 Cuius
632 851 782 917 lectionis
816 850 938 916 nullam
972 849 1095 916 iaciens
1135 851 1338 915 mentionem
1377 849 1528 915 Cobetus

342 973 396 1058 (N.
412 975 451 1038 L.
467 994 500 1057 p.
518 975 594 1059 327)
617 974 758 1038 coniecit
780 977 851 1045 τοῖς
873 970 1101 1050 imminuam
1124 973 1215 1056 quod
1236 980 1432 1056 receperunt
1446 971 1528 1036 Mei·
1614 1006 1616 1011 ·

343 1095 428 1160 neke
452 1103 486 1160 et
508 1094 670 1160 Ribbeck.
694 1095 782 1160 Vide
805 1104 917 1160 autem
939 1115 1041 1178 quam
1064 1103 1164 1179 aptus
1187 1093 1241 1158 hic
1259 1094 1302 1157 sit
1318 1094 1481 1158 articulus.

387 1339 425 1404 ln
447 1343 573 1406 Avium
592 1361 701 1407 versu
719 1359 814 1420 1094:

701 1523 777 1588 ἀλλ’
801 1522 930 1604 οίνύνρῶν
954 1521 1109 1601 λειμώνων

704 1645 835 1730 φύλλων
859 1645 890 1711 ἐν
912 1644 1039 1718 κόλποις
1061 1645 1144 1720 νοιίω,

343 1850 404 1916 pro
427 1826 497 1894 νωίω
520 1847 637 1893 omncs
659 1825 732 1891 libri
761 1835 880 1910 praeter
902 1825 930 1892 C
952 1823 1077 1890 habent
1100 1822 1219 1904 ε’ννιιίω;
1246 1825 1335 1890 unde
1364 1823 1527 1910 Bergkius

344 1947 475 2034 φύλλων
499 1947 624 2021 ιιίλτοις
647 1947 749 2014 ἕννοιίω
764 1948 795 2033 ¹),
818 1956 907 2013 recte
931 1946 1069 2012 fortasse
1092 1947 1185 2032 (nam
1215 1947 1288 2032 quis
1306 1947 1360 2012 hic
1376 1947 1455 2014 certi
1471 1947 1527 2012 aii·

341 2073 421 2158 quid
446 2080 590 2138 statuere
612 2071 756 2157 possiti).
781 2069 941 2136 Similiter
962 2077 1072 2134 autem
1087 2070 1278 2154 praepositio
1294 2069 1324 2134 ἐν
1346 2071 1381 2136 in
1397 2071 1526 2136 Raven-

342 2201 420 2258 nate
443 2191 591 2256 abundat
612 2195 701 2256 Plnt.
720 2196 798 2272 564:

389 2379 456 2462 περί
482 2376 677 2463 σωφροσύνης
701 2375 756 2453 ἤδη
779 2374 875 2442 τοίνυν
899 2380 1016 2456 τερονῶ
1041 2376 1128 2458 σφῷν
1151 2373 1358 2453 κοίνωδιδοίξω,

388 2499 435 2568 ύτι
453 2500 620 2581 κοσμιότης
643 2501 718 2566 οίιιεῖ
732 2501 804 2579 μετ’
830 2499 914 2578 ἐμοῦ,
938 2502 991 2564 τοῦ
1014 2497 1153 2564 Πλούτου
1179 2498 1206 2562 δ’
1230 2497 1313 2562 ἐστίν
1336 2495 1467 2580 ὑβρίζειν

344 2683 401 2748 ubi
424 2682 527 2748 habet
550 2684 603 2746 τοῦ
627 2677 768 2745 Πλούτου
793 2678 820 2744 δ’
843 2675 1015 2760 ἐνυβρίζειν,
1038 2679 1122 2743 inter
1146 2676 1285 2743 Πλούτων
1308 2687 1343 2742 et
1366 2677 1393 2742 δ’
1410 2679 1528 2742 addito

344 2803 413 2870 ε’στί
433 2827 454 2870 a
476 2825 575 2870 manu
592 2811 719 2888 quarta,
736 2822 802 2867 sec.
826 2821 892 2866 von
914 2799 1048 2866 Velsen.
1073 2799 1174 2866 Nullo
1198 2802 1267 2866 iure
1285 2801 1362 2866 hinc
1382 2800 1447 2866 ἐστ’
1465 2801 1527 2865 ε’νυ·

344 2925 458 3010 βρίζειν
480 2929 660 2994 couiecisse
683 2925 761 2990 mihi
785 2926 938 2989 videntur
953 2924 1067 3010 Reisig
1082 2933 1116 2989 et
1131 2925 1306 3002 Fritzsche,
1323 2946 1390 2990 non
1406 2926 1527 3009 impro

343 3052 444 3117 bante
471 3050 648 3135 Blaydesio
671 3049 740 3132 (qui
763 3056 901 3114 annotat
923 3046 1086 3128 ,ἐνυβριεῖς
1108 3048 1227 3134 legitur
1250 3046 1385 3112 Thesm.
1414 3048 1527 3132 719”).

389 3297 526 3363 Ceteros
547 3297 605 3380 qui
628 3295 692 3360 huc
715 3294 876 3361 referendi
899 3303 976 3359 sunt
998 3293 1072 3371 loci,
1096 3295 1212 3359 ordine
1229 3294 1377 3378 legitimo
1395 3301 1527 3358 servato

343 3418 503 3483 tractabo.
550 3415 637 3482 Sunt
659 3425 770 3479 autem
793 3414 845 3478 hi:

388 3545 588 3616 Nubb.1312.
629 3536 739 3601 Valde
769 3537 888 3601 dubius
911 3545 961 3601 est
984 3536 1037 3601 hic
1060 3535 1163 3613 locus,
1196 3555 1304 3620 neque
1327 3555 1392 3618 ego
1415 3536 1459 3599 de
1483 3555 1525 3598 eo

344 3673 468 3729 certam
491 3661 687 3726 sententiam
710 3659 855 3744 proferre
878 3660 997 3724 audeo.
1043 3658 1098 3724 Sic
1122 3679 1235 3724 versus
1258 3658 1368 3724 traditi
1391 3666 1469 3722 suut
1492 3658 1526 3722 iu

345 3785 510 3872 plerisque
534 3781 642 3847 libris:

589 3977 673 4060 οἶμοι
695 3978 754 4062 nep
782 3979 875 4045 οιύτύν
897 3977 1006 4060 αὐτίχ’
1031 3978 1172 4061 εὑρήσειν,
1196 3974 1268 4060 ὅπερ

593 4101 695 4168 στύλοι
720 4103 791 4167 τοτ’
817 4100 928 4182 ἐζήτει,

348 4271 544 4285 μ

344 4367 506 4419 coniecerunt
528 4363 542 4423 ἦ
560 4361 644 4425 κάμοί,
662 4361 777 4411 Dindorf
792 4361 856 4410 olim
874 4359 905 4418 ὡς
922 4359 1005 4424 κάμοί,
1022 4377 1079 4427 quae
1095 4361 1201 4412 minime
1218 4367 1286 4427 apta,
1303 4376 1364 4410 num
1380 4359 1525 4411 Isiciurium

344 4465 446 4517 quoque
462 4455 563 4498 centum
579 4446 659 4495 boves
676 4445 798 4494 Minervae
815 4444 985 4494 immolandas
1002 4445 1137 4512 censuisse,
1147 4446 1174 4494 in
1186 4445 1386 4510 praecedentibus
1399 4459 1526 4510 nusquam

346 4536 581 4681 dlclffieffuspraes.
599 4630 626 4680 p.
641 4613 687 4676 VI)
705 4611 827 4679 proponit
844 4609 979 4673 εὐφύλλοις
1003 4615 1105 4673 ιιίλτοις
1120 4613 1187 4664 νιιίω.

1682 2682 1685 2783 i
