3444 5396
874 495 917 561 70

339 564 427 624 Ran.
447 578 534 637 1019:

392 743 448 809 καί
467 742 501 809 τί
521 743 558 808 σὺ
582 741 699 826 δροίσας
722 739 817 818 οὕτως
839 742 952 818 αὐτοὺς
975 744 1129 823 γενναίους
1152 743 1339 824 ἐξεδίδαξας
1354 747 1394 833 ι);

349 961 412 1027 Pro
442 961 595 1041 γενναίους
626 964 660 1027 in
691 962 725 1028 V
755 971 789 1029 et
820 964 930 1029 multis
959 963 1031 1030 aliis
1060 964 1178 1051 legitur
1209 964 1367 1047 ἀνδρείους,
1392 969 1486 1048 quod

305 1085 527 1169 Blaydesium,
552 1087 607 1168 qui
631 1088 769 1151 omnino
793 1095 881 1152 recte
904 1089 1074 1152 annotavit
1097 1089 1177 1167 „sed
1201 1088 1355 1167 γενναίους
1370 1089 1484 1154 confir-

304 1215 411 1274 matur
432 1229 527 1273 versu
555 1209 660 1290 1014”
684 1210 717 1273 in
740 1217 868 1274 textum
891 1213 1056 1296 recepisse
1078 1214 1196 1276 mirum
1219 1221 1280 1278 est.

341 1369 430 1429 Ran.
448 1369 529 1430 1182:

550 1536 584 1615 ἦν
607 1539 755 1615 Οἰδίπους
777 1542 812 1607 τδ
837 1546 953 1624 πρῶτον
977 1541 1127 1622 εὐδαίμων
1149 1543 1223 1626 οξνιίρ

350 1738 414 1803 Pro
437 1736 589 1816 εὐδαίμων
610 1739 675 1805 VR
697 1760 773 1803 cum
797 1737 961 1823 plerisque
985 1738 1057 1803 aliis
1079 1739 1206 1805 habent
1229 1740 1377 1821 εὐτυχής,
1392 1741 1484 1824 quod

307 1860 382 1926 coll.
406 1882 455 1925 vs.
486 1863 568 1942 1183
592 1863 661 1927 iure
686 1861 870 1927 reiecerunt
894 1861 1041 1926 editores
1064 1870 1141 1945 post
1163 1862 1362 1927 Brunckium
1378 1861 1430 1947 (cf.
1443 1863 1486 1927 ad

308 1982 419 2047 Nubb.
444 1981 520 2059 268,
543 2003 642 2068 supra
662 2006 697 2069 p.
721 1983 787 2070 64).

354 2111 444 2177 Plut.
463 2112 529 2188 387.
559 2105 725 2190 Chremyli
747 2126 862 2172 recens
885 2106 978 2172 ditati
1000 2106 1102 2172 verba
1125 2115 1199 2171 sunt
1221 2106 1318 2172 haec:

709 2293 797 2359 ἄλλα
819 2292 891 2367 τοὺς
915 2292 1068 2375 χρηστοὺς
1090 2292 1200 2372 μίνους

532 2414 633 2495 ἔγωγε
654 2415 708 2482 καί
732 2415 803 2489 τοὺς
825 2414 942 2494 δεξιοὺς
963 2414 1017 2481 καί
1042 2415 1200 2498 σώφρονας

532 2537 651 2620 οέταρτί
676 2545 851 2614 πλουτῆσαι
875 2537 999 2613 τοιιίσυ.

356 2751 501 2814 Nimium
541 2750 742 2815 auctoritatis
782 2748 835 2813 hic
872 2750 1056 2815 Ravennati
1090 2750 1203 2815 tribuit
1236 2749 1393 2833 Blaydes,
1429 2752 1485 2835 qui

310 2881 422 2938 tuetur
463 2874 532 2938 eius
573 2873 748 2938 lectionem
788 2894 807 2938 e
850 2872 1050 2957 glossemate
1078 2873 1132 2938 vel
1167 2875 1210 2938 ad
1246 2871 1399 2954 χρηστοὺς
1432 2872 1485 2937 vel

314 2996 356 3060 ad
376 2991 493 3072 δεξιοὺς
515 2995 683 3080 adscripto
708 3003 813 3060 ortam
839 2991 970 3066 δικαίους
992 3015 1053 3079 pro
1077 2992 1203 3073 δεξιούς,
1228 3017 1342 3062 versus
1367 2997 1414 3060 sic
1438 3017 1486 3058 re·

311 3119 457 3202 fingens:

780 3255 868 3321 ἄλλα
890 3255 962 3330 τοὺς
986 3255 1140 3338 χρηστοὺς
1162 3257 1223 3336 ἐγὼ

464 3376 517 3443 καί
541 3376 611 3450 τοὺς
633 3376 764 3452 δικαίους
786 3375 858 3451 τούς
879 3403 916 3445 τε
940 3379 1096 3462 σώφρονας
1119 3378 1228 3458 μόνους
1250 3380 1317 3444 ιιτὲ.

346 3567 435 3628 Plut
451 3582 529 3627 mo:

535 3733 553 3807 ἡ
577 3734 711 3809 γλῶττα
734 3731 776 3812 τῷ
799 3729 903 3812 κήρυκι
925 3727 1073 3814 τουτονί)
1096 3726 1254 3808 τέμνεται.

356 3906 485 3981 iniuria,
519 3913 555 3968 ut
576 3904 714 3982 videtur,
739 3903 849 3988 Bergk
872 3910 907 3968 et
929 3901 1076 3967 Dindors
1093 3911 1288 3986 receperunt
1310 3902 1485 3966 lectionem

313 4025 435 4091 codicis
457 4023 498 4098 R,
521 4029 683 4086 servatam
706 4023 804 4086 etiam
827 4023 860 4086 in
883 4022 1031 4106 margine
1048 4022 1180 4098 Veneti,
1193 4019 1311 4097 γίνεται
1323 4019 1486 4105 (γίγνεται)

312 4169 374 4234 pro
396 4143 552 4224 τέμνεται.

313 4349 510 4362 ...n-...-

345 4449 367 4513 1)
386 4445 430 4498 τίν’
447 4445 564 4510 ἐδίδαξας
581 4445 699 4513 Blaydes‚
716 4445 772 4495 sine
789 4444 854 4494 iusta
870 4457 953 4492 causa.

346 4530 618 4597 ⁹)Languidissimum
642 4529 685 4580 hic
709 4534 774 4579 esset
798 4524 890 4590 τούτῳ,
915 4524 985 4594 quod
1010 4530 1095 4575 tamen
1120 4541 1151 4574 ex
1175 4522 1343 4575 deterioribus
1358 4520 1488 4575 nonnullis

314 4615 408 4684 recepit
424 4614 542 4682 Blnydes.
