<?xml version="1.0" encoding="UTF-8"?>
<!DOCTYPE html PUBLIC "-//W3C//DTD XHTML 1.0 Transitional//EN"
    "http://www.w3.org/TR/xhtml1/DTD/xhtml1-transitional.dtd">
<html xmlns="http://www.w3.org/1999/xhtml" xml:lang="en" lang="en">
 <head>
  <title>
</title>
<meta http-equiv="Content-Type" content="text/html;charset=utf-8" />
  <meta name='ocr-system' content='tesseract 3.04.00' />
  <meta name='ocr-capabilities' content='ocr_page ocr_carea ocr_par ocr_line ocrx_word'/>
</head>
<body>
  <div class='ocr_page' id='page_1' title='image "./devitiisquibusd00ijzegoog_0094.png"; bbox 0 0 3444 5396; ppageno 0'>
   <div class='ocr_carea' id='block_1_1' title="bbox 767 501 810 569">
    <p class='ocr_par' dir='ltr' id='par_1_1' title="bbox 767 501 810 569">
     <span class='ocr_line' id='line_1_1' title="bbox 767 501 810 569; baseline -0.047 0"><span class='ocrx_word' id='word_1_1' title='bbox 767 501 810 569; x_wconf 92' lang='lat'>79</span> 
     </span>
    </p>
   </div>
   <div class='ocr_carea' id='block_1_2' title="bbox 192 668 1374 756">
    <p class='ocr_par' dir='ltr' id='par_1_2' title="bbox 192 668 1374 756">
     <span class='ocr_line' id='line_1_2' title="bbox 192 668 1374 756; baseline 0 -22"><span class='ocrx_word' id='word_1_2' title='bbox 192 671 228 735; x_wconf 92' lang='lat' dir='ltr'>in</span> <span class='ocrx_word' id='word_1_3' title='bbox 251 671 384 756; x_wconf 84' lang='lat' dir='ltr'>vulgata</span> <span class='ocrx_word' id='word_1_4' title='bbox 407 681 495 738; x_wconf 89' lang='lat' dir='ltr'>certe</span> <span class='ocrx_word' id='word_1_5' title='bbox 518 671 668 745; x_wconf 84' lang='lat' dir='ltr'>lectione.</span> <span class='ocrx_word' id='word_1_6' title='bbox 693 692 793 755; x_wconf 88' lang='lat' dir='ltr'>quam</span> <span class='ocrx_word' id='word_1_7' title='bbox 816 672 926 755; x_wconf 92' lang='lat' dir='ltr'>inepte</span> <span class='ocrx_word' id='word_1_8' title='bbox 949 670 995 735; x_wconf 92' lang='lat' dir='ltr'>sic</span> <span class='ocrx_word' id='word_1_9' title='bbox 1019 669 1164 754; x_wconf 87' lang='lat' dir='ltr'>explicat</span> <span class='ocrx_word' id='word_1_10' title='bbox 1179 668 1374 734; x_wconf 85' lang='lat' dir='ltr'><strong>scholiasta:</strong></span> 
     </span>
    </p>
   </div>
   <div class='ocr_carea' id='block_1_3' title="bbox 189 908 1462 2462">
    <p class='ocr_par' dir='ltr' id='par_1_3' title="bbox 189 908 1462 2462">
     <span class='ocr_line' id='line_1_3' title="bbox 192 908 1375 998; baseline -0.001 -20"><span class='ocrx_word' id='word_1_11' title='bbox 192 908 287 990; x_wconf 82' lang='grc' dir='ltr'><strong><em>εἶπεν,</em></strong></span> <span class='ocrx_word' id='word_1_12' title='bbox 312 913 360 980; x_wconf 79' lang='grc' dir='ltr'><strong><em>ἵνοο</em></strong></span> <span class='ocrx_word' id='word_1_13' title='bbox 383 913 523 998; x_wconf 79' lang='grc' dir='ltr'><strong><em>διοιβάλη</em></strong></span> <span class='ocrx_word' id='word_1_14' title='bbox 545 915 596 981; x_wconf 81' lang='grc' dir='ltr'>τὸν</span> <span class='ocrx_word' id='word_1_15' title='bbox 618 911 782 996; x_wconf 82' lang='grc' dir='ltr'><strong><em>Σωκράτην</em></strong></span> <span class='ocrx_word' id='word_1_16' title='bbox 802 915 839 986; x_wconf 78' lang='grc' dir='ltr'>ὣς</span> <span class='ocrx_word' id='word_1_17' title='bbox 858 914 1107 997; x_wconf 72' lang='grc' dir='ltr'><em>ὑπερφρονοῦντα</em></span> <span class='ocrx_word' id='word_1_18' title='bbox 1123 919 1182 978; x_wconf 80' lang='grc' dir='ltr'>τῶν</span> <span class='ocrx_word' id='word_1_19' title='bbox 1202 914 1281 979; x_wconf 75' lang='grc' dir='ltr'><strong><em>θεῶν.</em></strong></span> <span class='ocrx_word' id='word_1_20' title='bbox 1307 912 1375 978; x_wconf 88' lang='lat' dir='ltr'>Sed</span> 
     </span>
     <span class='ocr_line' id='line_1_4' title="bbox 192 1036 1462 1122; baseline -0.002 -21"><span class='ocrx_word' id='word_1_21' title='bbox 192 1037 299 1102; x_wconf 85' lang='lat' dir='ltr'>multo</span> <span class='ocrx_word' id='word_1_22' title='bbox 329 1038 437 1122; x_wconf 87' lang='lat' dir='ltr'>aptius</span> <span class='ocrx_word' id='word_1_23' title='bbox 466 1046 517 1102; x_wconf 89' lang='lat' dir='ltr'>est</span> <span class='ocrx_word' id='word_1_24' title='bbox 546 1039 741 1118; x_wconf 65' lang='grc' dir='ltr'><strong><em>περιφρονεῖν,</em></strong></span> <span class='ocrx_word' id='word_1_25' title='bbox 773 1037 863 1120; x_wconf 94' lang='lat' dir='ltr'>quod</span> <span class='ocrx_word' id='word_1_26' title='bbox 897 1038 931 1100; x_wconf 92' lang='lat' dir='ltr'>in</span> <span class='ocrx_word' id='word_1_27' title='bbox 967 1037 1000 1102; x_wconf 94' lang='lat' dir='ltr'>V</span> <span class='ocrx_word' id='word_1_28' title='bbox 1033 1044 1084 1101; x_wconf 90' lang='lat' dir='ltr'>est</span> <span class='ocrx_word' id='word_1_29' title='bbox 1113 1057 1179 1101; x_wconf 89' lang='lat' dir='ltr'>sec.</span> <span class='ocrx_word' id='word_1_30' title='bbox 1206 1036 1375 1100; x_wconf 86' lang='lat' dir='ltr'>Hermann</span> <span class='ocrx_word' id='word_1_31' title='bbox 1459 1037 1462 1044; x_wconf 60' lang='lat'><strong>⁴</strong></span> 
     </span>
     <span class='ocr_line' id='line_1_5' title="bbox 191 1155 1375 1242; baseline -0.001 -19"><span class='ocrx_word' id='word_1_32' title='bbox 191 1167 227 1223; x_wconf 90' lang='lat' dir='ltr'>et</span> <span class='ocrx_word' id='word_1_33' title='bbox 250 1160 372 1236; x_wconf 87' lang='lat' dir='ltr'>Ferrai,</span> <span class='ocrx_word' id='word_1_34' title='bbox 396 1160 429 1223; x_wconf 93' lang='lat' dir='ltr'>in</span> <span class='ocrx_word' id='word_1_35' title='bbox 452 1160 483 1223; x_wconf 92' lang='lat' dir='ltr'>R</span> <span class='ocrx_word' id='word_1_36' title='bbox 506 1180 571 1223; x_wconf 88' lang='lat' dir='ltr'>sec.</span> <span class='ocrx_word' id='word_1_37' title='bbox 595 1180 661 1224; x_wconf 91' lang='lat' dir='ltr'>vau</span> <span class='ocrx_word' id='word_1_38' title='bbox 685 1159 899 1234; x_wconf 87' lang='lat' dir='ltr'>Herwerden,</span> <span class='ocrx_word' id='word_1_39' title='bbox 923 1160 1081 1242; x_wconf 90' lang='lat' dir='ltr'>quodque</span> <span class='ocrx_word' id='word_1_40' title='bbox 1104 1158 1218 1223; x_wconf 89' lang='lat' dir='ltr'>addito</span> <span class='ocrx_word' id='word_1_41' title='bbox 1235 1155 1273 1221; x_wconf 87' lang='grc' dir='ltr'>οὺ</span> <span class='ocrx_word' id='word_1_42' title='bbox 1289 1178 1375 1222; x_wconf 90' lang='lat' dir='ltr'>rece·</span> 
     </span>
     <span class='ocr_line' id='line_1_6' title="bbox 189 1281 1376 1366; baseline -0.002 -20"><span class='ocrx_word' id='word_1_43' title='bbox 189 1291 312 1365; x_wconf 86' lang='lat' dir='ltr'>petunt</span> <span class='ocrx_word' id='word_1_44' title='bbox 335 1282 478 1366; x_wconf 86' lang='lat' dir='ltr'>Blaydes</span> <span class='ocrx_word' id='word_1_45' title='bbox 502 1281 637 1360; x_wconf 88' lang='lat' dir='ltr'>(nullam</span> <span class='ocrx_word' id='word_1_46' title='bbox 661 1291 772 1347; x_wconf 89' lang='lat' dir='ltr'>tamen</span> <span class='ocrx_word' id='word_1_47' title='bbox 796 1282 947 1347; x_wconf 91' lang='lat' dir='ltr'>codicum</span> <span class='ocrx_word' id='word_1_48' title='bbox 968 1283 1172 1346; x_wconf 85' lang='lat' dir='ltr'>mentionem</span> <span class='ocrx_word' id='word_1_49' title='bbox 1190 1281 1324 1366; x_wconf 85' lang='lat' dir='ltr'>faciens)</span> <span class='ocrx_word' id='word_1_50' title='bbox 1342 1289 1376 1345; x_wconf 89' lang='lat' dir='ltr'>et</span> 
     </span>
     <span class='ocr_line' id='line_1_7' title="bbox 191 1403 1369 1487; baseline -0.001 -20"><span class='ocrx_word' id='word_1_51' title='bbox 191 1423 260 1468; x_wconf 91' lang='lat' dir='ltr'>van</span> <span class='ocrx_word' id='word_1_52' title='bbox 293 1405 476 1482; x_wconf 87' lang='lat' dir='ltr'>Leeuwen;</span> <span class='ocrx_word' id='word_1_53' title='bbox 510 1405 557 1468; x_wconf 88' lang='lat' dir='ltr'>sic</span> <span class='ocrx_word' id='word_1_54' title='bbox 591 1405 679 1468; x_wconf 92' lang='lat' dir='ltr'>enim</span> <span class='ocrx_word' id='word_1_55' title='bbox 709 1403 824 1469; x_wconf 92' lang='lat' dir='ltr'>melius</span> <span class='ocrx_word' id='word_1_56' title='bbox 856 1425 930 1468; x_wconf 91' lang='lat' dir='ltr'>cum</span> <span class='ocrx_word' id='word_1_57' title='bbox 961 1424 1055 1468; x_wconf 92' lang='lat' dir='ltr'>versu</span> <span class='ocrx_word' id='word_1_58' title='bbox 1079 1403 1288 1487; x_wconf 87' lang='lat' dir='ltr'>praecedenti,</span> <span class='ocrx_word' id='word_1_59' title='bbox 1314 1403 1369 1467; x_wconf 93' lang='lat' dir='ltr'>ubi</span> 
     </span>
     <span class='ocr_line' id='line_1_8' title="bbox 192 1525 1371 1612; baseline 0.001 -23"><span class='ocrx_word' id='word_1_60' title='bbox 192 1529 361 1608; x_wconf 79' lang='grc' dir='ltr'><em>περιφρονῶ</em></span> <span class='ocrx_word' id='word_1_61' title='bbox 394 1527 523 1612; x_wconf 85' lang='lat' dir='ltr'>legitur,</span> <span class='ocrx_word' id='word_1_62' title='bbox 557 1548 624 1591; x_wconf 92' lang='lat' dir='ltr'>non</span> <span class='ocrx_word' id='word_1_63' title='bbox 659 1526 845 1609; x_wconf 79' lang='grc' dir='ltr'><strong><em>ὑπερφρονῶ,</em></strong></span> <span class='ocrx_word' id='word_1_64' title='bbox 879 1536 991 1591; x_wconf 87' lang='lat' dir='ltr'>noster</span> <span class='ocrx_word' id='word_1_65' title='bbox 1030 1527 1193 1592; x_wconf 91' lang='lat' dir='ltr'>convenit.</span> <span class='ocrx_word' id='word_1_66' title='bbox 1240 1525 1371 1610; x_wconf 84' lang='lat' dir='ltr'>Saepius</span> 
     </span>
     <span class='ocr_line' id='line_1_9' title="bbox 191 1646 1375 1733; baseline 0.001 -21"><span class='ocrx_word' id='word_1_67' title='bbox 191 1656 305 1712; x_wconf 87' lang='lat' dir='ltr'>autem</span> <span class='ocrx_word' id='word_1_68' title='bbox 328 1652 513 1731; x_wconf 75' lang='grc' dir='ltr'>περιφρονεῖν</span> <span class='ocrx_word' id='word_1_69' title='bbox 535 1669 668 1733; x_wconf 90' lang='lat' dir='ltr'>prorsus</span> <span class='ocrx_word' id='word_1_70' title='bbox 690 1649 778 1713; x_wconf 91' lang='lat' dir='ltr'>idem</span> <span class='ocrx_word' id='word_1_71' title='bbox 801 1649 964 1733; x_wconf 85' lang='lat' dir='ltr'>significat</span> <span class='ocrx_word' id='word_1_72' title='bbox 985 1649 1075 1731; x_wconf 93' lang='lat' dir='ltr'>quod</span> <span class='ocrx_word' id='word_1_73' title='bbox 1097 1648 1308 1729; x_wconf 79' lang='grc' dir='ltr'><strong><em>ὑπερφρονεῖν;</em></strong></span> <span class='ocrx_word' id='word_1_74' title='bbox 1333 1646 1375 1713; x_wconf 84' lang='lat' dir='ltr'>cf.</span> 
     </span>
     <span class='ocr_line' id='line_1_10' title="bbox 190 1768 1369 1858; baseline 0.001 -24"><span class='ocrx_word' id='word_1_75' title='bbox 190 1790 221 1834; x_wconf 90' lang='lat' dir='ltr'>e.</span> <span class='ocrx_word' id='word_1_76' title='bbox 246 1791 279 1854; x_wconf 84' lang='lat' dir='ltr'>g.</span> <span class='ocrx_word' id='word_1_77' title='bbox 302 1771 452 1855; x_wconf 89' lang='lat' dir='ltr'>Thucyd.</span> <span class='ocrx_word' id='word_1_78' title='bbox 477 1772 510 1836; x_wconf 89' lang='lat'>1:</span> <span class='ocrx_word' id='word_1_79' title='bbox 535 1786 574 1853; x_wconf 84' lang='lat'>25</span> <span class='ocrx_word' id='word_1_80' title='bbox 601 1771 619 1858; x_wconf 62' lang='grc' dir='ltr'><strong>ἕ</strong></span> <span class='ocrx_word' id='word_1_81' title='bbox 643 1790 674 1852; x_wconf 87' lang='grc'>4,</span> <span class='ocrx_word' id='word_1_82' title='bbox 698 1793 839 1855; x_wconf 91' lang='lat' dir='ltr'>quaeque</span> <span class='ocrx_word' id='word_1_83' title='bbox 862 1771 908 1836; x_wconf 90' lang='lat' dir='ltr'>ibi</span> <span class='ocrx_word' id='word_1_84' title='bbox 924 1779 1084 1836; x_wconf 87' lang='lat' dir='ltr'>annotant</span> <span class='ocrx_word' id='word_1_85' title='bbox 1101 1768 1369 1852; x_wconf 88' lang='lat' dir='ltr'>Classen-Steup.</span> 
     </span>
     <span class='ocr_line' id='line_1_11' title="bbox 191 1891 1375 1976; baseline -0.002 -18"><span class='ocrx_word' id='word_1_86' title='bbox 191 1891 376 1976; x_wconf 86' lang='lat' dir='ltr'>Vulgatam</span> <span class='ocrx_word' id='word_1_87' title='bbox 391 1892 567 1958; x_wconf 89' lang='lat' dir='ltr'>lectionem</span> <span class='ocrx_word' id='word_1_88' title='bbox 583 1913 626 1957; x_wconf 89' lang='lat' dir='ltr'>ex</span> <span class='ocrx_word' id='word_1_89' title='bbox 643 1893 1030 1975; x_wconf 83' lang='grc' dir='ltr'><strong><em>άεονο&lt;ο&gt;νπερ&lt;ι&gt;φρονειτ</em></strong></span> <span class='ocrx_word' id='word_1_90' title='bbox 1046 1900 1157 1957; x_wconf 88' lang='lat' dir='ltr'>natam</span> <span class='ocrx_word' id='word_1_91' title='bbox 1173 1912 1245 1957; x_wconf 86' lang='lat' dir='ltr'>esse</span> <span class='ocrx_word' id='word_1_92' title='bbox 1260 1900 1375 1957; x_wconf 89' lang='lat' dir='ltr'>censet</span> 
     </span>
     <span class='ocr_line' id='line_1_12' title="bbox 190 2013 1373 2100; baseline 0 -22"><span class='ocrx_word' id='word_1_93' title='bbox 190 2033 259 2078; x_wconf 91' lang='lat' dir='ltr'>van</span> <span class='ocrx_word' id='word_1_94' title='bbox 282 2014 463 2092; x_wconf 88' lang='lat' dir='ltr'>Leeuwen;</span> <span class='ocrx_word' id='word_1_95' title='bbox 488 2013 557 2079; x_wconf 90' lang='lat' dir='ltr'>fieri</span> <span class='ocrx_word' id='word_1_96' title='bbox 580 2016 680 2079; x_wconf 90' lang='lat' dir='ltr'>etiam</span> <span class='ocrx_word' id='word_1_97' title='bbox 703 2024 822 2100; x_wconf 89' lang='lat' dir='ltr'>potest,</span> <span class='ocrx_word' id='word_1_98' title='bbox 851 2023 886 2079; x_wconf 93' lang='lat' dir='ltr'>ut</span> <span class='ocrx_word' id='word_1_99' title='bbox 909 2036 952 2080; x_wconf 88' lang='lat' dir='ltr'>ex</span> <span class='ocrx_word' id='word_1_100' title='bbox 979 2016 1272 2099; x_wconf 88' lang='lat' dir='ltr'>interpretamento</span> <span class='ocrx_word' id='word_1_101' title='bbox 1296 2023 1373 2078; x_wconf 87' lang='lat' dir='ltr'>nata</span> 
     </span>
     <span class='ocr_line' id='line_1_13' title="bbox 190 2132 1373 2226; baseline -0.001 -27"><span class='ocrx_word' id='word_1_102' title='bbox 190 2136 245 2212; x_wconf 89' lang='lat' dir='ltr'>sit,</span> <span class='ocrx_word' id='word_1_103' title='bbox 268 2134 310 2202; x_wconf 85' lang='lat' dir='ltr'>cs.</span> <span class='ocrx_word' id='word_1_104' title='bbox 334 2135 452 2201; x_wconf 88' lang='lat' dir='ltr'>Suidas</span> <span class='ocrx_word' id='word_1_105' title='bbox 469 2135 663 2226; x_wconf 76' lang='grc' dir='ltr'>περιφρονεῖν]</span> <span class='ocrx_word' id='word_1_106' title='bbox 684 2137 889 2219; x_wconf 80' lang='grc' dir='ltr'><strong><em>ὑπερφρονεῖν.</em></strong></span> <span class='ocrx_word' id='word_1_107' title='bbox 913 2132 1136 2218; x_wconf 71' lang='grc' dir='ltr'><strong><em>Ἀριστοφάνης</em></strong></span> <span class='ocrx_word' id='word_1_108' title='bbox 1152 2134 1186 2199; x_wconf 77' lang='grc' dir='ltr'>δὲ</span> <span class='ocrx_word' id='word_1_109' title='bbox 1203 2132 1373 2218; x_wconf 78' lang='grc' dir='ltr'><strong><em>περιφρόνει</em></strong></span> 
     </span>
     <span class='ocr_line' id='line_1_14' title="bbox 191 2253 1375 2339; baseline -0.002 -17"><span class='ocrx_word' id='word_1_110' title='bbox 191 2255 237 2322; x_wconf 85' lang='grc' dir='ltr'>τά</span> <span class='ocrx_word' id='word_1_111' title='bbox 260 2253 451 2338; x_wconf 77' lang='grc' dir='ltr'><strong><em>πράνμοιτοι,</em></strong></span> <span class='ocrx_word' id='word_1_112' title='bbox 474 2256 545 2323; x_wconf 73' lang='grc' dir='ltr'><strong><em>άντὶ</em></strong></span> <span class='ocrx_word' id='word_1_113' title='bbox 568 2261 622 2324; x_wconf 81' lang='grc' dir='ltr'>τοῦ</span> <span class='ocrx_word' id='word_1_114' title='bbox 646 2255 759 2339; x_wconf 85' lang='grc' dir='ltr'><strong><em>ἕρεάνοι,</em></strong></span> <span class='ocrx_word' id='word_1_115' title='bbox 779 2255 936 2339; x_wconf 71' lang='grc' dir='ltr'><strong><em>άνοιζάτει.</em></strong></span> <span class='ocrx_word' id='word_1_116' title='bbox 959 2256 1013 2324; x_wconf 74' lang='grc' dir='ltr'><strong><em>κον)</em></strong></span> <span class='ocrx_word' id='word_1_117' title='bbox 1039 2254 1202 2339; x_wconf 72' lang='grc' dir='ltr'><strong><em>Σωκράτης</em></strong></span> <span class='ocrx_word' id='word_1_118' title='bbox 1218 2254 1281 2339; x_wconf 79' lang='grc' dir='ltr'>ἔφη</span> <span class='ocrx_word' id='word_1_119' title='bbox 1295 2257 1375 2337; x_wconf 86' lang='grc' dir='ltr'><strong><em>άερο-</em></strong></span> 
     </span>
     <span class='ocr_line' id='line_1_15' title="bbox 192 2375 749 2462; baseline 0.004 -19"><span class='ocrx_word' id='word_1_120' title='bbox 192 2377 287 2456; x_wconf 80' lang='grc' dir='ltr'><strong><em>βοοτῶ</em></strong></span> <span class='ocrx_word' id='word_1_121' title='bbox 310 2377 364 2444; x_wconf 77' lang='grc' dir='ltr'><strong><em>κον)</em></strong></span> <span class='ocrx_word' id='word_1_122' title='bbox 389 2383 555 2462; x_wconf 80' lang='grc' dir='ltr'><strong><em>περιφρονῶ</em></strong></span> <span class='ocrx_word' id='word_1_123' title='bbox 579 2379 632 2446; x_wconf 78' lang='grc' dir='ltr'>τὸν</span> <span class='ocrx_word' id='word_1_124' title='bbox 658 2375 749 2456; x_wconf 73' lang='grc' dir='ltr'><strong><em>ἥλιον.</em></strong></span> 
     </span>
    </p>
   </div>
   <div class='ocr_carea' id='block_1_4' title="bbox 243 2629 788 2714">
    <p class='ocr_par' dir='ltr' id='par_1_4' title="bbox 243 2629 788 2714">
     <span class='ocr_line' id='line_1_16' title="bbox 243 2629 788 2714; baseline 0.007 -19"><span class='ocrx_word' id='word_1_125' title='bbox 243 2631 281 2696; x_wconf 90' lang='lat' dir='ltr'>In</span> <span class='ocrx_word' id='word_1_126' title='bbox 304 2631 454 2696; x_wconf 88' lang='lat' dir='ltr'>eiusdem</span> <span class='ocrx_word' id='word_1_127' title='bbox 478 2629 598 2696; x_wconf 81' lang='lat' dir='ltr'>iabulae</span> <span class='ocrx_word' id='word_1_128' title='bbox 620 2653 675 2699; x_wconf 85' lang='lat' dir='ltr'>vs.</span> <span class='ocrx_word' id='word_1_129' title='bbox 693 2651 788 2714; x_wconf 75' lang='lat'><strong>10052</strong></span> 
     </span>
    </p>
   </div>
   <div class='ocr_carea' id='block_1_5' title="bbox 260 2817 1306 3028">
    <p class='ocr_par' dir='ltr' id='par_1_5' title="bbox 260 2817 1306 3028">
     <span class='ocr_line' id='line_1_17' title="bbox 260 2817 1270 2901; baseline 0.001 -18"><span class='ocrx_word' id='word_1_130' title='bbox 260 2818 335 2883; x_wconf 90' lang='grc' dir='ltr'><strong><em>άλλ’</em></strong></span> <span class='ocrx_word' id='word_1_131' title='bbox 357 2819 397 2890; x_wconf 79' lang='grc' dir='ltr'><strong><em>εἷς</em></strong></span> <span class='ocrx_word' id='word_1_132' title='bbox 420 2817 635 2898; x_wconf 78' lang='grc' dir='ltr'><strong><em>Ἀκοεδημειοιν</em></strong></span> <span class='ocrx_word' id='word_1_133' title='bbox 658 2819 772 2886; x_wconf 74' lang='grc' dir='ltr'><strong><em>κοιτιιῖνν</em></strong></span> <span class='ocrx_word' id='word_1_134' title='bbox 795 2819 855 2885; x_wconf 81' lang='grc' dir='ltr'>ὑπὸ</span> <span class='ocrx_word' id='word_1_135' title='bbox 879 2825 950 2892; x_wconf 81' lang='grc' dir='ltr'><strong><em>τοῖς</em></strong></span> <span class='ocrx_word' id='word_1_136' title='bbox 969 2818 1089 2901; x_wconf 73' lang='grc' dir='ltr'><strong><em>μορίοις</em></strong></span> <span class='ocrx_word' id='word_1_137' title='bbox 1115 2817 1270 2901; x_wconf 78' lang='grc' dir='ltr'><strong><em>...θρὲξει</em></strong></span> 
     </span>
     <span class='ocr_line' id='line_1_18' title="bbox 263 2937 1306 3028; baseline 0.001 -23"><span class='ocrx_word' id='word_1_138' title='bbox 263 2937 542 3023; x_wconf 72' lang='grc' dir='ltr'><strong><em>στεφανωσάμενος</em></strong></span> <span class='ocrx_word' id='word_1_139' title='bbox 564 2938 700 3023; x_wconf 80' lang='grc' dir='ltr'><strong><em>κοιλάμιρ</em></strong></span> <span class='ocrx_word' id='word_1_140' title='bbox 717 2942 822 3024; x_wconf 78' lang='grc' dir='ltr'><strong><em>λεπτῷ</em></strong></span> <span class='ocrx_word' id='word_1_141' title='bbox 832 2943 852 3028; x_wconf 89' lang='lat'>¹)</span> <span class='ocrx_word' id='word_1_142' title='bbox 871 2941 957 3020; x_wconf 85' lang='grc' dir='ltr'><strong><em>μετά</em></strong></span> <span class='ocrx_word' id='word_1_143' title='bbox 973 2940 1123 3024; x_wconf 82' lang='grc' dir='ltr'><strong><em>οάφρονος</em></strong></span> <span class='ocrx_word' id='word_1_144' title='bbox 1139 2941 1306 3020; x_wconf 72' lang='grc' dir='ltr'><strong><em>ἡλικιώτου,</em></strong></span> 
     </span>
    </p>
   </div>
   <div class='ocr_carea' id='block_1_6' title="bbox 192 3119 1375 3934">
    <p class='ocr_par' dir='ltr' id='par_1_6' title="bbox 192 3119 1375 3934">
     <span class='ocr_line' id='line_1_19' title="bbox 194 3119 1373 3205; baseline 0 -21"><span class='ocrx_word' id='word_1_145' title='bbox 194 3141 313 3205; x_wconf 91' lang='lat' dir='ltr'>parum</span> <span class='ocrx_word' id='word_1_146' title='bbox 332 3128 422 3185; x_wconf 88' lang='lat' dir='ltr'>recte</span> <span class='ocrx_word' id='word_1_147' title='bbox 439 3119 620 3197; x_wconf 84' lang='lat' dir='ltr'>Hermann,</span> <span class='ocrx_word' id='word_1_148' title='bbox 634 3119 753 3205; x_wconf 85' lang='lat' dir='ltr'><strong>Bergk,</strong></span> <span class='ocrx_word' id='word_1_149' title='bbox 774 3119 937 3198; x_wconf 86' lang='lat' dir='ltr'>Meineke‚</span> <span class='ocrx_word' id='word_1_150' title='bbox 954 3121 1091 3197; x_wconf 81' lang='lat' dir='ltr'>Teuffel,</span> <span class='ocrx_word' id='word_1_151' title='bbox 1108 3121 1210 3198; x_wconf 84' lang='lat' dir='ltr'>Coeo,</span> <span class='ocrx_word' id='word_1_152' title='bbox 1223 3120 1373 3199; x_wconf 84' lang='lat' dir='ltr'>Dindori,</span> 
     </span>
     <span class='ocr_line' id='line_1_20' title="bbox 193 3241 1374 3326; baseline 0.001 -20"><span class='ocrx_word' id='word_1_153' title='bbox 193 3241 329 3318; x_wconf 74' lang='lat' dir='ltr'>Knhler,</span> <span class='ocrx_word' id='word_1_154' title='bbox 347 3241 443 3306; x_wconf 90' lang='lat' dir='ltr'>Kock</span> <span class='ocrx_word' id='word_1_155' title='bbox 458 3251 654 3326; x_wconf 86' lang='lat' dir='ltr'>receperunt</span> <span class='ocrx_word' id='word_1_156' title='bbox 668 3242 844 3307; x_wconf 88' lang='lat' dir='ltr'>lectionem</span> <span class='ocrx_word' id='word_1_157' title='bbox 860 3243 1011 3308; x_wconf 91' lang='lat' dir='ltr'>codicum</span> <span class='ocrx_word' id='word_1_158' title='bbox 1029 3243 1069 3316; x_wconf 83' lang='lat' dir='ltr'>R.</span> <span class='ocrx_word' id='word_1_159' title='bbox 1086 3241 1180 3307; x_wconf 84' lang='lat' dir='ltr'>Cant.</span> <span class='ocrx_word' id='word_1_160' title='bbox 1202 3260 1228 3320; x_wconf 90' lang='lat'>1,</span> <span class='ocrx_word' id='word_1_161' title='bbox 1246 3243 1316 3308; x_wconf 85' lang='lat' dir='ltr'>Par.</span> <span class='ocrx_word' id='word_1_162' title='bbox 1331 3259 1374 3307; x_wconf 93' lang='lat'>20</span> 
     </span>
     <span class='ocr_line' id='line_1_21' title="bbox 193 3361 1372 3450; baseline 0 -21"><span class='ocrx_word' id='word_1_163' title='bbox 193 3385 277 3430; x_wconf 91' lang='lat' dir='ltr'>corr.</span> <span class='ocrx_word' id='word_1_164' title='bbox 301 3361 469 3445; x_wconf 76' lang='grc' dir='ltr'><strong><em>άποάρέξει,</em></strong></span> <span class='ocrx_word' id='word_1_165' title='bbox 494 3364 584 3447; x_wconf 93' lang='lat' dir='ltr'>quod</span> <span class='ocrx_word' id='word_1_166' title='bbox 608 3372 696 3429; x_wconf 86' lang='lat' dir='ltr'>esset</span> <span class='ocrx_word' id='word_1_167' title='bbox 717 3365 845 3448; x_wconf 89' lang='lat' dir='ltr'>potius:</span> <span class='ocrx_word' id='word_1_168' title='bbox 870 3364 1063 3450; x_wconf 84' lang='lat' dir='ltr'>„aufugies”</span> <span class='ocrx_word' id='word_1_169' title='bbox 1088 3364 1128 3429; x_wconf 86' lang='lat' dir='ltr'>cs.</span> <span class='ocrx_word' id='word_1_170' title='bbox 1159 3364 1248 3429; x_wconf 89' lang='lat' dir='ltr'><strong>Avv.</strong></span> <span class='ocrx_word' id='word_1_171' title='bbox 1278 3364 1372 3441; x_wconf 87' lang='lat'>1162,</span> 
     </span>
     <span class='ocr_line' id='line_1_22' title="bbox 199 3484 1374 3569; baseline 0.001 -19"><span class='ocrx_word' id='word_1_172' title='bbox 199 3501 295 3569; x_wconf 84' lang='lat'>1549,</span> <span class='ocrx_word' id='word_1_173' title='bbox 319 3485 454 3550; x_wconf 89' lang='lat' dir='ltr'>Thesm.</span> <span class='ocrx_word' id='word_1_174' title='bbox 483 3502 578 3566; x_wconf 87' lang='lat'>1214,</span> <span class='ocrx_word' id='word_1_175' title='bbox 601 3486 685 3550; x_wconf 91' lang='lat' dir='ltr'>Plut.</span> <span class='ocrx_word' id='word_1_176' title='bbox 705 3503 799 3568; x_wconf 87' lang='lat'>1133.</span> <span class='ocrx_word' id='word_1_177' title='bbox 818 3486 887 3551; x_wconf 89' lang='lat' dir='ltr'>Alii</span> <span class='ocrx_word' id='word_1_178' title='bbox 904 3488 1035 3552; x_wconf 87' lang='lat' dir='ltr'>codices</span> <span class='ocrx_word' id='word_1_179' title='bbox 1050 3485 1176 3552; x_wconf 89' lang='lat' dir='ltr'>habent</span> <span class='ocrx_word' id='word_1_180' title='bbox 1190 3484 1374 3568; x_wconf 77' lang='grc' dir='ltr'><strong><em>άποάρέξειο,</em></strong></span> 
     </span>
     <span class='ocr_line' id='line_1_23' title="bbox 192 3605 1374 3692; baseline 0 -18"><span class='ocrx_word' id='word_1_181' title='bbox 192 3608 247 3674; x_wconf 93' lang='lat' dir='ltr'>vel</span> <span class='ocrx_word' id='word_1_182' title='bbox 274 3605 452 3688; x_wconf 76' lang='grc' dir='ltr'><strong><em>ὑποθρέξεις,</em></strong></span> <span class='ocrx_word' id='word_1_183' title='bbox 481 3608 535 3672; x_wconf 89' lang='lat' dir='ltr'>vel</span> <span class='ocrx_word' id='word_1_184' title='bbox 565 3605 727 3691; x_wconf 74' lang='grc' dir='ltr'><strong><em>ὑποθρέξει,</em></strong></span> <span class='ocrx_word' id='word_1_185' title='bbox 758 3607 791 3673; x_wconf 91' lang='lat' dir='ltr'>in</span> <span class='ocrx_word' id='word_1_186' title='bbox 813 3609 846 3674; x_wconf 95' lang='lat' dir='ltr'>V</span> <span class='ocrx_word' id='word_1_187' title='bbox 869 3629 948 3674; x_wconf 89' lang='lat' dir='ltr'>vero</span> <span class='ocrx_word' id='word_1_188' title='bbox 981 3617 1033 3674; x_wconf 88' lang='lat' dir='ltr'>est</span> <span class='ocrx_word' id='word_1_189' title='bbox 1055 3606 1261 3689; x_wconf 78' lang='grc' dir='ltr'><strong><em>κοιτοιθρέξεις,</em></strong></span> <span class='ocrx_word' id='word_1_190' title='bbox 1284 3610 1374 3692; x_wconf 91' lang='lat' dir='ltr'>quod</span> 
     </span>
     <span class='ocr_line' id='line_1_24' title="bbox 193 3728 1372 3815; baseline 0.001 -20"><span class='ocrx_word' id='word_1_191' title='bbox 193 3731 319 3815; x_wconf 85' lang='lat' dir='ltr'>recepit</span> <span class='ocrx_word' id='word_1_192' title='bbox 349 3728 511 3812; x_wconf 88' lang='lat' dir='ltr'>Blaydes;</span> <span class='ocrx_word' id='word_1_193' title='bbox 543 3730 658 3795; x_wconf 91' lang='lat' dir='ltr'>melius</span> <span class='ocrx_word' id='word_1_194' title='bbox 690 3732 789 3796; x_wconf 87' lang='lat' dir='ltr'>etiam</span> <span class='ocrx_word' id='word_1_195' title='bbox 818 3751 884 3796; x_wconf 85' lang='lat' dir='ltr'>van</span> <span class='ocrx_word' id='word_1_196' title='bbox 915 3731 1079 3795; x_wconf 88' lang='lat' dir='ltr'>Leeuwen</span> <span class='ocrx_word' id='word_1_197' title='bbox 1103 3732 1192 3796; x_wconf 88' lang='lat' dir='ltr'>idem</span> <span class='ocrx_word' id='word_1_198' title='bbox 1215 3731 1249 3794; x_wconf 94' lang='lat' dir='ltr'>in</span> <span class='ocrx_word' id='word_1_199' title='bbox 1274 3753 1372 3796; x_wconf 81' lang='grc' dir='ltr'><strong><em>κάτοι-</em></strong></span> 
     </span>
     <span class='ocr_line' id='line_1_25' title="bbox 195 3848 1375 3934; baseline 0 -17"><span class='ocrx_word' id='word_1_200' title='bbox 195 3848 287 3934; x_wconf 78' lang='grc' dir='ltr'><strong><em>άρέξει</em></strong></span> <span class='ocrx_word' id='word_1_201' title='bbox 310 3851 456 3916; x_wconf 87' lang='lat' dir='ltr'>mutavit.</span> <span class='ocrx_word' id='word_1_202' title='bbox 503 3851 569 3917; x_wconf 86' lang='lat' dir='ltr'>Cur</span> <span class='ocrx_word' id='word_1_203' title='bbox 591 3853 679 3917; x_wconf 92' lang='lat' dir='ltr'>enim</span> <span class='ocrx_word' id='word_1_204' title='bbox 702 3851 840 3918; x_wconf 80' lang='lat' dir='ltr'>sormam</span> <span class='ocrx_word' id='word_1_205' title='bbox 864 3852 960 3917; x_wconf 88' lang='lat' dir='ltr'>iuturi</span> <span class='ocrx_word' id='word_1_206' title='bbox 984 3853 1079 3918; x_wconf 86' lang='lat' dir='ltr'>activi</span> <span class='ocrx_word' id='word_1_207' title='bbox 1096 3853 1196 3918; x_wconf 87' lang='lat' dir='ltr'>etiam</span> <span class='ocrx_word' id='word_1_208' title='bbox 1212 3857 1293 3919; x_wconf 82' lang='lat' dir='ltr'>Pac.</span> <span class='ocrx_word' id='word_1_209' title='bbox 1317 3857 1375 3917; x_wconf 78' lang='grc' dir='ltr'><strong><em>οδε</em></strong></span> 
     </span>
    </p>
   </div>
   <div class='ocr_carea' id='block_1_7' title="bbox 164 3949 1370 4060">
    <p class='ocr_par' dir='ltr' id='par_1_7' title="bbox 164 3949 1370 4060">
     <span class='ocr_line' id='line_1_26' title="bbox 164 3949 1370 4060; baseline -0.001 -22"><span class='ocrx_word' id='word_1_210' title='bbox 164 3949 169 3964; x_wconf 49' lang='grc'>’</span> <span class='ocrx_word' id='word_1_211' title='bbox 194 3972 432 4038; x_wconf 88' lang='lat' dir='ltr'>restituendam</span> <span class='ocrx_word' id='word_1_212' title='bbox 456 3982 591 4038; x_wconf 87' lang='lat' dir='ltr'>censeat</span> <span class='ocrx_word' id='word_1_213' title='bbox 611 3973 765 4058; x_wconf 89' lang='lat' dir='ltr'>Blaydes,</span> <span class='ocrx_word' id='word_1_214' title='bbox 789 3995 856 4039; x_wconf 93' lang='lat' dir='ltr'>non</span> <span class='ocrx_word' id='word_1_215' title='bbox 879 3973 1050 4060; x_wconf 77' lang='lat' dir='ltr'>intelleg03</span> <span class='ocrx_word' id='word_1_216' title='bbox 1078 3975 1222 4039; x_wconf 90' lang='lat' dir='ltr'>medium</span> <span class='ocrx_word' id='word_1_217' title='bbox 1241 3973 1370 4057; x_wconf 85' lang='lat' dir='ltr'>requiri,</span> 
     </span>
    </p>
   </div>
   <div class='ocr_carea' id='block_1_8' title="bbox 194 4095 1374 4303">
    <p class='ocr_par' dir='ltr' id='par_1_8' title="bbox 194 4095 1374 4303">
     <span class='ocr_line' id='line_1_27' title="bbox 196 4095 1374 4177; baseline -0.002 -16"><span class='ocrx_word' id='word_1_218' title='bbox 196 4097 285 4174; x_wconf 88' lang='lat' dir='ltr'>satis,</span> <span class='ocrx_word' id='word_1_219' title='bbox 309 4099 343 4162; x_wconf 91' lang='lat' dir='ltr'>ni</span> <span class='ocrx_word' id='word_1_220' title='bbox 368 4099 472 4176; x_wconf 85' lang='lat' dir='ltr'>fallor,</span> <span class='ocrx_word' id='word_1_221' title='bbox 495 4097 638 4162; x_wconf 90' lang='lat' dir='ltr'>ostendit</span> <span class='ocrx_word' id='word_1_222' title='bbox 657 4096 759 4162; x_wconf 89' lang='lat' dir='ltr'>altera</span> <span class='ocrx_word' id='word_1_223' title='bbox 775 4095 877 4161; x_wconf 89' lang='lat' dir='ltr'>forma</span> <span class='ocrx_word' id='word_1_224' title='bbox 894 4095 1080 4177; x_wconf 76' lang='grc' dir='ltr'><strong><em>δροιροοῦριοιι.</em></strong></span> <span class='ocrx_word' id='word_1_225' title='bbox 1104 4097 1239 4161; x_wconf 91' lang='lat' dir='ltr'>Prorsus</span> <span class='ocrx_word' id='word_1_226' title='bbox 1255 4097 1374 4161; x_wconf 88' lang='lat' dir='ltr'>eadem</span> 
     </span>
     <span class='ocr_line' id='line_1_28' title="bbox 194 4217 1373 4303; baseline 0.001 -21"><span class='ocrx_word' id='word_1_227' title='bbox 194 4217 435 4303; x_wconf 86' lang='lat' dir='ltr'>significatione</span> <span class='ocrx_word' id='word_1_228' title='bbox 468 4220 559 4303; x_wconf 87' lang='lat' dir='ltr'>apud</span> <span class='ocrx_word' id='word_1_229' title='bbox 593 4217 728 4283; x_wconf 87' lang='lat' dir='ltr'>Latinos</span> <span class='ocrx_word' id='word_1_230' title='bbox 758 4227 932 4302; x_wconf 89' lang='lat' dir='ltr'>usurpatur</span> <span class='ocrx_word' id='word_1_231' title='bbox 961 4220 1140 4296; x_wconf 65' lang='lat' dir='ltr'>desumere,</span> <span class='ocrx_word' id='word_1_232' title='bbox 1174 4219 1251 4283; x_wconf 90' lang='lat' dir='ltr'>vide</span> <span class='ocrx_word' id='word_1_233' title='bbox 1286 4240 1315 4284; x_wconf 88' lang='lat' dir='ltr'>e.</span> <span class='ocrx_word' id='word_1_234' title='bbox 1339 4241 1373 4303; x_wconf 86' lang='lat' dir='ltr'>g.</span> 
     </span>
    </p>
   </div>
   <div class='ocr_carea' id='block_1_9' title="bbox 194 4421 1376 4659">
    <p class='ocr_par' dir='ltr' id='par_1_9' title="bbox 194 4421 1376 4659">
     <span class='ocr_line' id='line_1_29' title="bbox 228 4421 1373 4491; baseline 0.001 -17"><span class='ocrx_word' id='word_1_235' title='bbox 228 4421 250 4488; x_wconf 84' lang='lat'>1)</span> <span class='ocrx_word' id='word_1_236' title='bbox 267 4422 311 4475; x_wconf 86' lang='lat' dir='ltr'>Sic</span> <span class='ocrx_word' id='word_1_237' title='bbox 335 4440 386 4475; x_wconf 79' lang='lat' dir='ltr'>van</span> <span class='ocrx_word' id='word_1_238' title='bbox 403 4424 541 4483; x_wconf 73' lang='lat' dir='ltr'>Leeuwnm</span> <span class='ocrx_word' id='word_1_239' title='bbox 559 4426 640 4486; x_wconf 76' lang='grc' dir='ltr'><strong><em>λευκῷ</em></strong></span> <span class='ocrx_word' id='word_1_240' title='bbox 656 4422 765 4474; x_wconf 86' lang='lat' dir='ltr'>codices.</span> <span class='ocrx_word' id='word_1_241' title='bbox 799 4423 867 4474; x_wconf 88' lang='lat' dir='ltr'>Inter</span> <span class='ocrx_word' id='word_1_242' title='bbox 883 4430 1017 4491; x_wconf 82' lang='lat' dir='ltr'>utrumque</span> <span class='ocrx_word' id='word_1_243' title='bbox 1033 4423 1186 4474; x_wconf 76' lang='lat' dir='ltr'>adiectivum</span> <span class='ocrx_word' id='word_1_244' title='bbox 1202 4423 1329 4474; x_wconf 81' lang='lat' dir='ltr'>dubitatur</span> <span class='ocrx_word' id='word_1_245' title='bbox 1345 4424 1373 4475; x_wconf 92' lang='lat' dir='ltr'>in</span> 
     </span>
     <span class='ocr_line' id='line_1_30' title="bbox 194 4504 1376 4575; baseline 0 -17"><span class='ocrx_word' id='word_1_246' title='bbox 194 4507 274 4559; x_wconf 85' lang='lat' dir='ltr'>schol.</span> <span class='ocrx_word' id='word_1_247' title='bbox 300 4508 388 4559; x_wconf 88' lang='lat' dir='ltr'>Nubb.</span> <span class='ocrx_word' id='word_1_248' title='bbox 416 4519 489 4575; x_wconf 87' lang='lat'>1017,</span> <span class='ocrx_word' id='word_1_249' title='bbox 505 4507 549 4557; x_wconf 88' lang='lat' dir='ltr'>ubi</span> <span class='ocrx_word' id='word_1_250' title='bbox 566 4506 600 4557; x_wconf 85' lang='lat' dir='ltr'>ad</span> <span class='ocrx_word' id='word_1_251' title='bbox 616 4504 698 4569; x_wconf 71' lang='grc' dir='ltr'><strong><em>άμενς</em></strong></span> <span class='ocrx_word' id='word_1_252' title='bbox 714 4507 814 4569; x_wconf 72' lang='grc' dir='ltr'><strong><em>μικροῦε</em></strong></span> <span class='ocrx_word' id='word_1_253' title='bbox 830 4514 975 4559; x_wconf 79' lang='lat' dir='ltr'>annotatur:</span> <span class='ocrx_word' id='word_1_254' title='bbox 993 4507 1125 4572; x_wconf 73' lang='grc' dir='ltr'><strong><em>γράφεται</em></strong></span> <span class='ocrx_word' id='word_1_255' title='bbox 1142 4505 1186 4558; x_wconf 71' lang='grc' dir='ltr'>καὶ</span> <span class='ocrx_word' id='word_1_256' title='bbox 1202 4508 1314 4565; x_wconf 75' lang='grc' dir='ltr'><strong><em>λεπτοῦς</em></strong></span> <span class='ocrx_word' id='word_1_257' title='bbox 1331 4507 1376 4560; x_wconf 73' lang='grc' dir='ltr'>καὶ</span> 
     </span>
     <span class='ocr_line' id='line_1_31' title="bbox 194 4588 1060 4659; baseline 0.003 -20"><span class='ocrx_word' id='word_1_258' title='bbox 194 4588 306 4649; x_wconf 76' lang='grc' dir='ltr'><strong><em>λευκούς.</em></strong></span> <span class='ocrx_word' id='word_1_259' title='bbox 324 4619 357 4630; x_wconf 95' lang='grc'>-</span> <span class='ocrx_word' id='word_1_260' title='bbox 374 4590 439 4654; x_wconf 84' lang='lat' dir='ltr'>Quae</span> <span class='ocrx_word' id='word_1_261' title='bbox 455 4598 541 4642; x_wconf 79' lang='lat' dir='ltr'>tumen</span> <span class='ocrx_word' id='word_1_262' title='bbox 557 4590 634 4642; x_wconf 78' lang='lat' dir='ltr'>variae</span> <span class='ocrx_word' id='word_1_263' title='bbox 650 4590 772 4642; x_wconf 81' lang='lat' dir='ltr'>lectiones</span> <span class='ocrx_word' id='word_1_264' title='bbox 789 4591 885 4643; x_wconf 88' lang='lat' dir='ltr'>nullius</span> <span class='ocrx_word' id='word_1_265' title='bbox 902 4599 961 4643; x_wconf 87' lang='lat' dir='ltr'>sunt</span> <span class='ocrx_word' id='word_1_266' title='bbox 978 4591 1060 4659; x_wconf 89' lang='lat' dir='ltr'>pretii.</span> 
     </span>
    </p>
   </div>
   <div class='ocr_carea' id='block_1_10' title="bbox 0 0 1727 5396">
    <p class='ocr_par' dir='ltr' id='par_1_10' title="bbox 0 0 1727 5396">
     <span class='ocr_line' id='line_1_32' title="bbox 0 0 1727 5396; baseline 0 0"><span class='ocrx_word' id='word_1_267' title='bbox 0 0 1727 5396; x_wconf 95' lang='lat' dir='ltr'> </span> 
     </span>
    </p>
   </div>
  </div>
 </body>
</html>
