3434 5394
407 695 483 759 Non
505 695 598 761 aliter
619 701 725 776 vesp.
742 717 820 778 339:

515 885 569 947 τοῦ
592 881 620 946 δ’
645 879 762 964 ἔφεξιν,
783 877 805 948 ὦ
829 879 957 961 μνὶτννιε,
980 886 1086 948 ταῦτα
1108 881 1181 965 δρῖιν
1205 906 1240 947 σε
1260 879 1409 960 βούλεται

516 1004 570 1070 καὶ
593 1003 663 1070 τίνει
687 1002 842 1087 πρόφασιν
866 1003 968 1087 ἔχωνς

359 1185 460 1251 verba
481 1185 534 1251 nai
558 1184 627 1252 τίννι
647 1185 803 1270 πρόφασιν
826 1185 907 1270 ἔχων
929 1189 1000 1254 iure
1022 1209 1043 1253 a
1067 1186 1238 1252 Dindorfio
1263 1187 1442 1272 (praeeunte
1458 1186 1534 1252 Flo-

358 1317 451 1372 rente
481 1307 676 1394 Christiano)
707 1309 816 1376 deleta
838 1320 923 1386 sunt,
947 1320 985 1375 ut
1005 1310 1308 1394 interpretationem
1331 1309 1534 1374 continentia

358 1429 531 1497 locutionis
560 1435 614 1497 τοῦ
645 1429 751 1514 ἔφεξιν
773 1430 906 1517 (ἐφέξειν
927 1433 1054 1499 habent
1076 1434 1209 1498 codices
1233 1441 1351 1516 praeter
1374 1434 1426 1516 R),
1458 1453 1533 1515 quae

358 1553 446 1618 nulla
468 1554 511 1618 de
534 1574 634 1618 causa
656 1575 676 1618 a
698 1553 897 1637 quibusdam
919 1551 1084 1620 sollicitari
1107 1555 1186 1618 mihi
1209 1555 1357 1631 videtur;
1373 1553 1413 1618 cf.
1431 1553 1535 1618 schol.

357 1673 436 1748 τίνος
458 1672 558 1757 χάριν,
583 1674 669 1758 παρὰ
692 1674 725 1740 δὲ
742 1682 805 1748 τοῖς
826 1682 983 1757 τραγικοῖς
1005 1674 1112 1758 ἔφεξις
1127 1677 1144 1751 ἡ
1158 1673 1325 1757 πρδφνισις,
1338 1684 1371 1740 et
1384 1675 1529 1757 Hesych.

357 1794 474 1884 ἔφεξιν]
501 1795 602 1879 χάριν,
626 1793 722 1876 ἕνεκεν,
749 1799 881 1880 ἐποχήν,
906 1797 1070 1880 πρόφασιν.

401 1919 528 1985 Eadem
551 1930 601 1985 est
623 1923 718 2006 origo
741 1920 890 1987 lectionis
921 1941 996 2003 quae
1017 1929 1098 1989 Pae.
1117 1930 1174 2002 916
1197 1920 1230 1984 in
1253 1920 1369 1984 codice
1393 1921 1420 1984 B
1444 1921 1532 1984 etin

355 2042 501 2106 editione
530 2041 654 2106 Aldina
680 2045 861 2110 invenitur:
893 2042 1005 2124 φήσεις
1028 2041 1062 2107 τί
1090 2042 1159 2118 δῆτ’
1181 2040 1306 2106 ἐπειδὰν
1328 2040 1436 2123 ἐκπίῃς
1459 2039 1532 2106 οἶνον

354 2157 416 2223 νένν
439 2160 601 2236 λεπαστὴν
630 2183 691 2246 pro
720 2160 831 2244 φήσεις
862 2161 894 2238 γ’
926 2160 1050 2226 ἐπειδὰν
1078 2161 1121 2246 (γ’
1154 2163 1251 2236 enim,
1283 2161 1374 2244 quod
1396 2162 1528 2226 codices

353 2282 516 2358 omittunt,
539 2284 608 2347 iure
630 2284 759 2348 addidit
780 2283 953 2368 Dindors);
978 2285 1066 2349 unde
1089 2281 1122 2348 ri
1150 2281 1219 2359 δῆτ’
1240 2279 1364 2346 ἐπειδὰν
1391 2283 1529 2347 Bisetus.

353 2402 452 2486 Quod
475 2425 535 2488 per
557 2427 592 2469 se
615 2413 798 2489 spectatum
821 2406 954 2470 minime
976 2407 1132 2490 ineptum,
1157 2405 1216 2468 sed
1242 2405 1400 2488 quoniam
1428 2405 1528 2469 ceteri

351 2526 484 2590 codices
508 2547 622 2590 omnes
644 2527 770 2592 habent
792 2527 913 2609 φήσεις,
938 2527 1144 2592 verisimilius
1167 2536 1219 2591 est
1241 2527 1330 2590 illam
1353 2525 1527 2590 lectionem

352 2656 457 2712 ortam
488 2667 559 2712 esse
589 2669 609 2712 e
639 2649 783 2714 confusis
813 2651 950 2734 antiquo
973 2649 1085 2731 φήσεις
1111 2658 1145 2714 et
1167 2647 1201 2712 sl
1222 2647 1292 2724 δῆτ’
1316 2648 1531 2730 comparandi

352 2784 452 2829 causa
474 2765 554 2830 olim
576 2769 755 2852 adscripto.

396 2886 484 2951 Male
514 2889 647 2953 meritus
678 2897 729 2953 est
754 2889 844 2953 idem
866 2909 964 2971 quem
987 2908 1086 2972 supra
1107 2887 1238 2951 laudavi
1262 2885 1400 2950 Florens
1423 2883 1529 2950 Chris·

351 3009 459 3071 tianus
493 3010 536 3074 de
569 3014 767 3088 vesparum
788 3030 896 3074 versn
912 3016 982 3090 263,
1018 3009 1076 3093 qui
1111 3009 1144 3072 in
1177 3009 1207 3071 R
1236 3017 1271 3073 et
1305 3008 1338 3072 V
1361 3009 1408 3072 sic
1431 3008 1529 3072 tradi-

350 3138 403 3193 tus
424 3140 489 3195 est:

485 3287 576 3365 φιλεῖ
594 3284 622 3349 δ’
643 3281 716 3350 ὅταν
740 3281 757 3367 ᾖ
783 3283 869 3350 τουτὶ
895 3285 909 3350 ὁ
930 3284 1005 3359 Ζεὺς
1030 3285 1113 3352 ὑετὸν
1137 3291 1229 3352 ποιεῖν
1241 3282 1394 3364 μάλιστα.

399 3445 437 3507 In
465 3440 613 3506 ceterisi
644 3438 720 3512 Ζεὺς
750 3441 862 3518 deest;
895 3439 928 3516 γ’
958 3449 1035 3524 post
1067 3436 1141 3504 δ’τιιν
1172 3441 1321 3506 additum
1352 3449 1403 3504 est
1424 3440 1458 3504 in
1481 3439 1528 3518 B;

350 3571 441 3648 φιλεῖ
460 3563 487 3628 δ’
512 3559 586 3627 ὅταν
608 3563 692 3627 τοῦτ’
726 3557 743 3642 ᾖ
774 3566 867 3626 ποιεῖν
896 3561 981 3626 ὑετὸν
1012 3559 1157 3640 μάλιστα
1187 3563 1352 3646 rescripsit
1378 3561 1527 3638 Florem,

349 3689 396 3751 sic
418 3689 452 3750 in
474 3704 587 3749 versus
611 3683 750 3748 sormam
783 3683 855 3748 haec
878 3685 981 3748 verba
1005 3685 1167 3768 redigens,
1192 3683 1321 3758 frustra,
1348 3704 1426 3747 nam
1448 3682 1528 3765 quin

348 3811 418 3873 iure
444 3805 553 3871 deleta
583 3805 647 3869 sint
677 3805 720 3870 ab
748 3804 945 3888 Hirschigi0,
970 3804 1170 3881 Hamakero‚
1195 3804 1335 3880 Cobet0‚
1359 3804 1529 3868 Meinekio

348 3931 484 4016 (Annot.
508 3927 587 3993 Crit.
610 3949 644 4012 p.
668 3926 800 4011 LXVI),
824 3927 1022 3990 Leeuwenio
1046 3926 1189 3990 dubitari
1212 3946 1280 3990 non
1304 3933 1423 4009 potest.

392 4108 504 4174 Unum
544 4107 666 4169 addam
706 4104 894 4188 exemplum
935 4104 1022 4168 unde
1063 4113 1222 4188 appareat
1255 4123 1355 4185 quam
1393 4103 1528 4186 egregie

347 4229 608 4304 Rutherfordius‚
648 4227 741 4291 cuius
781 4227 814 4291 in
859 4226 1064 4291 emblematis
1104 4227 1340 4310 investigandis
1374 4226 1525 4309 peritiam

347 4352 492 4418 ostendit
520 4349 725 4431 Thucydidis
756 4348 838 4413 liber
868 4349 917 4413 IV
947 4350 990 4413 ab
1020 4351 1093 4433 ipso
1131 4350 1249 4425 editus,
1280 4349 1442 4413 interdum
1482 4347 1526 4411 de

347 4472 570 4556 Aristophane
604 4491 736 4555 quoque
769 4471 903 4536 meritus
936 4472 988 4536 sit.
1029 4476 1117 4538 Avv.
1135 4477 1202 4552 n48
1219 4491 1293 4550 sqq.
1334 4470 1380 4533 sic
1422 4468 1525 4553 vulgo

348 4599 505 4664 eduntur:
