3434 5394
641 1913 790 1974 cnpu'r
810 1914 1024 1993 omniun.

586 2099 637 2160 De
656 2099 739 2160 aliis
758 2101 895 2161 voculis
913 2101 1068 2161 insertis.

283 2585 392 2651 Etiam
417 2584 571 2650 articulus
592 2586 757 2651 interdum
779 2588 919 2651 insertus
943 2596 994 2651 est
1014 2586 1210 2670 postmodo;
1234 2588 1293 2651 sed
1312 2585 1417 2650 multo

240 2708 370 2773 brevius
400 2707 463 2773 hac
494 2708 535 2772 de
565 2709 751 2793 corruptela
781 2711 947 2794 disputare
977 2709 1098 2786 licebit,
1132 2709 1289 2793 qnoniam
1319 2710 1416 2792 pauci

238 2840 366 2895 tantum
390 2841 466 2896 sunt
488 2831 562 2907 ioci,
586 2833 641 2895 ubi
665 2832 806 2898 dubitari
831 2833 944 2918 possit,
968 2833 1053 2896 sitne
1080 2833 1209 2915 spurius
1231 2852 1347 2896 necne.

283 2953 338 3019 Sic
369 2955 423 3036 qui
453 2954 487 3017 in
519 2953 720 3018 editionibus
752 2955 895 3038 Bergkii,
927 2953 1094 3030 Meinekii,
1118 2953 1263 3018 Richteri
1287 2954 1416 3037 inspicit

237 3083 344 3155 vesp.
364 3081 436 3155 967,
455 3075 482 3139 is
505 3075 593 3141 hunc
615 3077 741 3141 invenit
763 3096 912 3141 versum:

485 3261 506 3330 ὦ
531 3264 659 3346 δαιμόνι’
682 3264 758 3331 ἐλέει
780 3265 854 3342 τοὺς
876 3263 1182 3346 ταλαιπορουμένους,

235 3443 270 3506 in
292 3464 358 3527 quo
381 3446 595 3511 vehementer
617 3446 755 3510 offendit
774 3443 850 3510 ἐλέει
864 3467 924 3530 per
940 3444 1102 3529 synizesin
1116 3444 1414 3529 pronuntiandum

237 3561 304 3625 iure
328 3572 441 3628 autem
464 3564 554 3648 apud
578 3564 811 3649 Hirschigium,
828 3563 1045 3638 Dindorfium,
1061 3563 1304 3640 Leeuwenium,
1320 3560 1415 3645 Blay·

237 3685 376 3761 desinm,
407 3683 614 3763 Gravesium,
645 3687 728 3752 sicut
762 3688 794 3751 in
818 3687 933 3751 codice
956 3687 982 3749 B
1008 3687 1097 3751 etin
1120 3686 1263 3750 editione
1291 3682 1415 3749 Aldina

236 3807 377 3870 omissus
401 3817 452 3872 est
475 3807 628 3873 articulus
650 3809 737 3885 τούς;
760 3818 879 3895 praeter
901 3809 1129 3874 necessitatem
1149 3786 1277 3873 Starkie
1295 3807 1413 3872 edidit:

236 3922 257 3992 ὦ
280 3927 423 4008 δαιμόνι’,
446 3929 531 3996 αἰδοῦ
554 3930 628 4005 τοὺς
651 3928 966 4013 ταλαιπωρουμένους.

281 4174 372 4240 Idem
396 4176 505 4240 codex
528 4177 711 4260 eademque
735 4177 835 4242 editio
858 4196 974 4241 verum
996 4184 1165 4241 servarunt
1187 4179 1314 4255 Equitt.
1328 4194 1414 4256 1373:

429 4363 491 4428 οὐδ’
516 4361 660 4445 ἀγοράσει
683 4365 716 4441 γ’
730 4364 751 4448 ¹)
774 4361 907 4442 ἀγένειος
931 4362 1027 4438 οὐδεὶς
1049 4363 1079 4427 ἐν
1098 4363 1207 4446 ἀγορᾷ,

268 4585 335 4648 1)1n
359 4585 492 4637 codicibus
508 4587 552 4636 hic
569 4586 635 4636 inter
655 4593 704 4636 tres
720 4586 855 4652 particulas
872 4602 915 4649 γε,
931 4585 968 4645 δι’,
986 4602 1016 4636 τε
1034 4601 1121 4651 pugna
1138 4592 1189 4652 est3
1206 4601 1313 4651 quarum
1329 4592 1414 4636 tamen

233 4685 284 4719 una
302 4669 377 4720 facile
394 4670 516 4738 vincitur3
533 4670 618 4720 locum
637 4671 706 4720 enim
723 4670 766 4720 hic
783 4687 837 4720 esse
853 4675 889 4734 τῷ
906 4670 928 4720 δ’
946 4670 1024 4736 (quod
1041 4671 1137 4720 habent
1154 4676 1199 4719 ΘΔ
1216 4669 1285 4718 Med.
1296 4672 1328 4736 5),
1336 4685 1413 4721 nemo

1295 4769 1311 4814 4
