3434 5394
904 460 945 524 28

376 647 465 708 Plnt.
483 663 560 722 ¹⁰13·
601 643 675 708 lure
699 641 869 728 Berglrius,
894 653 931 708 ut
953 663 1085 719 censeo,
1110 654 1241 709 secutus
1264 653 1316 710 est
1338 643 1518 708 lectionem

332 763 456 827 codicis
478 763 530 827 V:

558 940 731 1022 μυστηρίοις
754 939 787 1006 δὲ
809 947 872 1013 τοῖς
895 940 1062 1021 μεγάλοισι
1086 943 1119 1017 νὴ
1146 942 1207 1007 Δία

558 1063 610 1128 ἐστὶ
633 1070 691 1140 τῆς
712 1061 840 1141 ἁμάξας
862 1060 913 1129 ὅτε
938 1063 1150 1146 προσέβλεψέν
1175 1063 1216 1142 με’
1240 1089 1296 1140 τις,

331 1239 405 1281 curn
428 1220 527 1282 ceteri
561 1239 622 1302 pro
656 1221 690 1294 νὴ
714 1218 775 1285 Δία
798 1221 944 1285 habeant
967 1219 1146 1301 ὀχουμένην.
1194 1221 1334 1286 Dubitat
1362 1220 1519 1286 Meineke

330 1338 430 1403 Vind.
465 1339 526 1403 Ar.
561 1364 595 1425 p.
630 1360 707 1418 221,
738 1344 883 1408 addens:
918 1345 1146 1428 „participium
1182 1345 1260 1407 mihi
1295 1344 1517 1408 necessarium

330 1461 491 1526 videtur”.
538 1463 643 1528 Nimis
677 1485 755 1529 vero
777 1463 951 1530 artificiose
973 1487 1004 1528 v.
1028 1465 1154 1530 Velsen
1179 1465 1378 1550 (Philologus
1403 1464 1518 1528 XXIV

329 1602 364 1665 p.
392 1585 482 1666 149):
522 1586 644 1649 »durch
679 1585 732 1650 die
767 1586 917 1651 endsilbe
939 1609 1000 1662 -ννρν
1024 1589 1057 1650 in
1081 1586 1295 1668 ὀχονμέ-ννρν
1318 1589 1430 1652 wurde
1456 1588 1520 1651 der

330 1704 542 1769 abschreiber
564 1728 604 1770 zu
627 1708 704 1772 dem
727 1707 882 1791 halifigen
905 1708 938 1782 νὴ
965 1708 1028 1771 Δία
1051 1709 1216 1784 verleitet3
1238 1710 1298 1773 der
1321 1710 1444 1774 andere
1460 1707 1518 1772 teil

331 1827 390 1890 des
412 1835 531 1890 wortes
554 1829 768 1892 verschwand
792 1830 859 1893 dan
882 1830 986 1893 durch
1010 1831 1207 1895 correctur.'’

374 1978 462 2050 Plut.
475 1993 567 2053 1044:

575 2127 696 2195 τάλαιν’
730 2128 789 2206 ἐγὼ
821 2137 878 2206 τῆς
907 2126 1011 2211 ὕβρεος
1042 2126 1075 2207 ἧς
1106 2129 1271 2212 ὑβρίζομαι

329 2289 362 2351 in
385 2287 418 2350 V
441 2306 502 2370 pro
525 2281 690 2365 ὑβρίζομαι
712 2283 831 2367 legitur
854 2282 1057 2366 αἰσχύνομαι,
1088 2307 1155 2369 quo
1179 2287 1282 2351 verbo
1314 2283 1393 2350 olim
1416 2285 1515 2347 inter·

328 2429 404 2492 pres
428 2428 506 2471 usus
529 2417 589 2481 est,
612 2415 650 2470 ut
671 2405 853 2488 explicaret
869 2406 957 2470 unde
973 2408 1156 2489 genitivum
1173 2414 1229 2482 τῆς
1244 2403 1347 2487 ὕβρεος
1362 2405 1510 2489 pendere

327 2538 467 2614 putaret.
513 2530 631 2612 Inepta
653 2526 871 2611 explicatione
894 2529 1036 2612 ineptior
1057 2531 1157 2593 etiam
1176 2539 1228 2594 est
1244 2527 1398 2594 Meinekii
1413 2529 1510 2602 rati0‚

343 2653 398 2734 qui
414 2651 526 2735 (Vind.
550 2650 610 2715 Ar.
628 2672 661 2733 p.
679 2651 754 2734 221)
774 2671 794 2714 e
809 2652 970 2734 corruptis
987 2652 1109 2716 codicis
1126 2653 1159 2716 V
1174 2653 1284 2717 verbis
1299 2651 1385 2715 hanc
1401 2649 1512 2713 effecit

327 2774 515 2838 lectionem:
558 2768 680 2836 τάλαιν’
724 2770 784 2848 ἐγὼ
820 2779 876 2846 τῆς
910 2768 1031 2851 ὕβρεως·
1067 2770 1268 2854 αἰσχύνομαι,
1302 2773 1357 2848 „in
1387 2771 1510 2854 quibus

328 2893 521 2975 αἰσχύνομαι
545 2904 596 2958 est
610 2894 718 2976 pudet
738 2915 789 2957 me
808 2894 888 2958 tui.”
906 2894 926 2979 ¹)

372 3089 512 3153 Duobus
534 3087 615 3152 locis
636 3090 717 3172 ipsae
742 3109 820 3152 aves
842 3089 876 3151 in
899 3089 1043 3153 fabulam
1068 3091 1130 3154 sibi
1154 3091 1386 3175 cognominem
1406 3087 1511 3151 musis

327 3210 437 3276 invitis
461 3211 658 3276 invaserunt.

371 3375 496 3433 Avium
525 3369 613 3433 enim
630 3384 758 3429 versus
775 3371 835 3444 336
855 3367 888 3430 in
912 3365 1081 3431 codicibus
1106 3369 1151 3431 sic
1175 3366 1310 3450 legitur:

482 3545 570 3611 ἄλλοι
594 3545 669 3626 πρὸς
693 3543 749 3623 μὲν
773 3538 819 3609 οὖν
843 3544 894 3609 τὸν
917 3543 988 3626 ὄρνιν
1012 3546 1083 3624 ἡμῖν
1108 3543 1229 3627 ὕστεροι
1251 3544 1350 3622 λόγος.

372 3699 491 3765 Suidas
514 3701 534 3764 i.
553 3720 586 3764 v.
610 3696 730 3780 ὕστερος
753 3697 845 3776 λόγος
866 3699 950 3764 haec
972 3700 1090 3765 habet:
1114 3699 1201 3765 ἄλλοι
1226 3698 1367 3780 τρὸςμὲν
1383 3696 1511 3768 τούτους

326 3819 446 3903 ὕστερος
478 3821 577 3900 λόγος,
610 3823 694 3887 τοῦτ’
728 3822 818 3896 ἐστιν,
846 3818 966 3901 ὕστερον
993 3823 1096 3893 αὐτοῖς
1118 3820 1339 3903 μαχεσόμεθα,
1363 3819 1448 3901 ταροὶ
1471 3819 1507 3883 τὸ

327 3946 484 4026 Ὁμηρικὸν
517 3945 592 4009 ἀλλ’
629 3943 646 4018 ἤ
681 3967 727 4009 τοι
762 3942 818 4021 μὲν
849 3946 952 4007 ταῦτα
993 3942 1281 4025 μεταφρασόμεσθα
1322 3941 1375 4007 καὶ
1416 3936 1507 4014 αὖθις.

326 4068 477 4132 Eandem
500 4069 755 4152 explicationem
777 4065 880 4130 habet
901 4066 1088 4143 scholiasta,
1112 4068 1255 4131 dubitari
1271 4076 1381 4131 autem
1397 4074 1508 4151 potest

326 4213 404 4256 num
438 4212 553 4256 revera
584 4193 626 4256 ad
661 4199 807 4255 nostrum
842 4189 951 4254 locum
986 4193 1150 4274 pertineat
1183 4213 1226 4256 an
1260 4193 1303 4255 sit
1333 4193 1507 4275 desumpta

358 4402 379 4464 1)
398 4402 489 4451 Nihilo
506 4401 605 4452 felicius
621 4403 650 4452 in
666 4418 702 4451 vs.
722 4400 786 4461 1046
805 4399 949 4450 Meinekius
967 4401 994 4449 in
1011 4401 1183 4467 suspicionem
1199 4401 1299 4451 vocavit
1314 4401 1404 4451 vetulae
1426 4400 1508 4450 excla-

326 4485 464 4536 mationem
489 4484 577 4534 »τοίου
599 4487 715 4554 χρόνον”,
741 4487 818 4554 „quid
840 4486 948 4550 longum
965 4499 1051 4534 narras
1068 4485 1189 4550 temporis
1206 4483 1344 4550 spatium”;
1361 4498 1510 4549 proponens

326 4572 406 4619 τόσον
423 4570 514 4631 χρόνον
532 4569 573 4619 vel
590 4571 689 4618 πολλοῦ
705 4571 804 4632 χρόνον.
