3444 5396
863 469 922 532 108

298 677 371 722 esse
393 657 523 721 videtur
546 655 589 720 ad
605 654 756 720 lacunam
772 653 981 738 explendam.
1006 654 1108 737 Quod
1123 657 1150 720 si
1166 658 1350 732 statuimus,
1368 666 1483 721 nostro

299 789 402 845 marte
427 779 515 844 aliud
538 778 618 864 quid
639 777 763 842 addere
786 778 883 842 nobis
906 778 998 857 licet;
1026 787 1061 842 et
1083 799 1118 843 re
1141 799 1220 844 vera
1240 778 1297 842 alii
1312 779 1377 844 alia
1392 781 1484 844 addi-

300 903 435 978 derunt;
452 903 485 966 iu
502 920 570 985 quo
583 900 760 966 certamine
772 901 894 985 primas
905 900 1018 966 tulisse
1031 920 1153 965 censeo
1166 900 1360 966 Velsenium
1373 901 1484 986 legen·

298 1033 368 1088 tem
383 1017 435 1088 a‘r'c'
452 1019 489 1086 r‘rr
504 1021 553 1087 del
570 1025 756 1103 πιονοῦργοςς
771 1022 862 1106 quod
878 1021 957 1086 mihi
972 1023 1108 1107 quidem
1123 1021 1227 1088 multo
1243 1024 1350 1107 magis
1362 1025 1485 1088 arridet

300 1163 399 1228 quam
424 1143 689 1226 Blaydesianum,
713 1163 734 1206 a
753 1143 952 1208 Leeuwenio
964 1154 1152 1228 receptum:
1176 1138 1229 1210 ἅτ’
1254 1143 1291 1210 ὢν
1304 1148 1485 1228 πανοῦργος,

300 1263 384 1340 εὐθύς
406 1259 476 1331 εἶδε
492 1265 556 1330 κτέ.
588 1265 664 1331 Hoc
678 1275 791 1330 tamen
808 1270 1088 1349 πνλοιιορριιφικῶι
1104 1266 1306 1351 probabilius
1322 1277 1390 1345 est3
1408 1290 1485 1332 nam

299 1409 414 1454 reuera
446 1389 611 1454 interdum
641 1387 726 1463 εὐθύς
755 1399 789 1454 et
812 1387 905 1464 ιιύτέρ
928 1399 1180 1468 commutantur,
1204 1412 1233 1456 e.
1248 1413 1280 1478 g.
1303 1392 1393 1457 Avv.
1419 1409 1483 1476 377

989 1567 1076 1650 ποιρέι
1099 1567 1157 1647 μέν
1180 1562 1229 1634 οὗν
1254 1569 1349 1653 Φέλον

435 1691 467 1755 οὐ
492 1688 599 1768 μένοις
623 1687 660 1755 ἄν
683 1691 774 1766 τοῦθ’,
799 1689 812 1754 l
836 1689 864 1754 δ’
889 1689 998 1772 ἐχθρὸς
1020 1688 1106 1766 εὐθὺς
1128 1687 1349 1769 ἐξηνάγκασεν,

300 1870 356 1934 ubi
384 1867 469 1941 εὐθὺς
499 1869 624 1934 habent
649 1870 679 1933 R
702 1879 736 1934 et
759 1869 792 1934 V
815 1869 869 1954 (de
892 1869 956 1934 hoc
980 1878 1085 1955 negat
1110 1869 1240 1954 Cobet),
1265 1868 1360 1944 οιὺτὸς
1384 1872 1485 1936 ceteri

300 2001 335 2056 et
357 1989 477 2056 Suidas
500 1993 520 2055 i.
544 2013 575 2056 v.
599 1991 658 2055 ἀπ’
684 1989 810 2072 ἐχθρῶν.

337 2143 426 2202 Ran.
444 2143 526 2216 969:

413 2305 608 2387 Θιρροιροένκςς
633 2304 729 2388 σοφός
751 2305 784 2385 γ’
809 2305 883 2387 οὶνέρρ
905 2303 959 2370 uel
984 2305 1076 2380 δεινὸς
1098 2307 1140 2380 εἷς
1163 2304 1205 2371 τοὶ
1229 2303 1348 2384 ποέντιι,

414 2423 445 2503 ὃς
467 2428 501 2506 ἢν
523 2435 628 2503 κιικοῖς
652 2427 799 2511 περιπέσρ
822 2427 876 2493 nni
900 2429 1028 2505 πλησίον
1052 2437 1198 2511 πιιροιστῇ

416 2551 576 2619 πέπτωκεν
600 2549 658 2629 ἔξω
682 2556 743 2618 τῶν
765 2556 877 2628 κοικιῖιν,
901 2553 933 2616 οὐ
952 2557 1021 2624 Χῖος
1042 2551 1131 2617 ἀλλὰ
1156 2558 1247 2624 Κεῖος.

349 2733 447 2798 Hunc
465 2753 596 2797 versum
615 2751 766 2796 mancum
787 2730 884 2795 nobis
903 2731 1038 2796 tradidit
1056 2731 1107 2809 V;
1131 2732 1164 2795 in
1181 2731 1298 2794 ceteris
1314 2731 1486 2796 codicibus

304 2865 381 2940 post
402 2861 507 2926 κιοκοῑι
529 2855 685 2919 insertum
709 2861 761 2917 est
784 2872 864 2927 nou,
887 2854 986 2936 longe
1009 2862 1120 2917 tamen
1136 2860 1272 2937 praestat
1287 2851 1483 2918 Velsenium

303 2977 396 3061 sequi
419 2986 453 3042 et
475 2977 589 3043 addito
612 2975 807 3060 pronomine
829 2996 877 3045 τις
893 2973 913 3060 ¹)
936 2973 1065 3060 legere:

460 3158 491 3235 ές
513 3161 547 3238 ἣν
569 3169 674 3237 κοικοῖς
696 3186 743 3238 τις
766 3161 913 3245 περιπέσρ
936 3162 989 3229 nul
1014 3161 1142 3238 πλησίον
1168 3169 1324 3244 ποιροιστῇ.

303 3341 473 3426 Quidquid
496 3344 584 3407 enim
607 3345 649 3408 de
672 3364 770 3407 sensu
795 3363 908 3407 versus
931 3343 1134 3425 insequentis
1164 3362 1336 3406 censemus
1351 3341 1384 3425 ε·“),
1409 3341 1484 3406 luce

301 3465 418 3530 clarius
441 3474 492 3528 est
513 3464 609 3530 huius
632 3486 766 3530 sensum
788 3464 875 3529 hunc
899 3485 971 3528 esse
996 3464 1136 3529 debere:
1163 3466 1214 3540 „si
1236 3464 1309 3547 quis
1333 3464 1368 3527 in
1385 3463 1483 3527 infor·

303 3588 431 3651 tunium
466 3587 587 3665 incidit,
625 3590 695 3673 ipse
726 3596 837 3651 autem
868 3587 1016 3670 proxime
1048 3586 1188 3662 adstat,”
1224 3595 1261 3650 ut
1295 3586 1485 3650 Leeuwenii

306 3717 379 3773 utar
406 3709 566 3774 versione.

340 3853 429 3913 Ran.
449 3854 531 3928 1316:

551 3978 584 4041 οιὶ
608 3978 632 4043 θ’
656 3976 818 4058 ὑπωρόφιοι
840 3977 926 4043 κριτοὶ
949 3977 1060 4056 ydriae

552 4097 826 4164 εἱειειειειειλέσσετε
849 4097 1015 4173 δοικτύλοις
1040 4095 1216 4181 φοέλοιννες

338 4353 358 4417 1)
377 4353 454 4416 Quod
471 4353 547 4404 etiam
564 4354 630 4402 Ran.
649 4352 788 4420 767‚P1ut.
806 4349 864 4417 348,
884 4364 947 4415 1003
966 4350 1058 4400 excidit
1074 4349 1102 4399 in
1120 4349 1250 4399 nonnullis
1268 4347 1408 4398 codicibus.

337 4440 357 4499 2)
374 4437 435 4504 „All
460 4437 514 4487 that
530 4452 568 4485 we
586 4452 634 4486 can
651 4437 684 4486 be
701 4451 757 4485 sure
775 4434 811 4502 ol,
828 4434 850 4484 is
867 4433 921 4484 that
937 4434 1095 4484 Aristarchus
1111 4433 1173 4483 read
1190 4432 1248 4489 Χέος
1265 4429 1336 4480 ἀλλὰ
1353 4435 1428 4494 Κῷος,
1445 4447 1487 4480 ex·

305 4520 425 4586 plaining
449 4521 469 4571 it
493 4521 528 4584 by
547 4520 590 4570 the
607 4520 700 4568 throrm
717 4519 748 4568 oi
762 4516 935 4580 ἀστράγαλοι,
953 4517 1014 4568 with
1031 4532 1061 4566 or
1077 4515 1184 4566 without
1201 4531 1216 4565 n
1232 4514 1312 4565 latent
1328 4513 1442 4564 allusion
1458 4520 1486 4563 to

306 4604 349 4653 the
368 4603 453 4668 origin
470 4603 501 4653 ol
515 4603 702 4658 Theramenes·
720 4630 753 4643 -
770 4599 932 4653 Rutherlord.
