3444 5396
264 693 352 754 Plut.
370 707 457 767 1190:

495 829 510 894 θ
532 825 608 900 Ζεὺς
629 827 644 892 θ
666 827 766 909 σωσηρ
790 825 851 911 γὰρ
874 825 1021 910 σοθρεσσον
1043 825 1147 894 tulate

497 948 678 1030 αὖσθμασος
701 945 788 1025 inor.

272 1131 348 1196 Non
379 1139 507 1196 tantum
542 1130 631 1214 apud
654 1151 708 1194 me
730 1128 819 1195 valet
841 1129 963 1195 Veneti
987 1131 1175 1206 auctoritas,
1200 1139 1235 1194 ut
1259 1128 1403 1213 Bergkio

227 1250 396 1325 assentiar,
421 1247 512 1313 ἕλθοθν
533 1268 596 1332 pro
620 1243 697 1323 ἧκαν
709 1267 806 1313 exeo
818 1248 996 1333 recipienti.
1022 1247 1096 1312 lure
1109 1249 1197 1313 enirn
1210 1245 1406 1328 Blaydesius

224 1373 268 1457 (in
291 1372 480 1455 addendis):
506 1390 617 1454 „saepe
640 1391 827 1453 synonyma
850 1369 1017 1434 substituit
1039 1370 1104 1434 V'’.
1150 1371 1281 1434 Eodem
1301 1368 1402 1432 modo

223 1515 271 1558 vs.
301 1496 367 1573 824
398 1491 529 1570 ἔλθωμεν
557 1514 618 1577 pro
643 1489 735 1571 ἴομεν
761 1492 862 1558 habet
884 1493 934 1570 V;
959 1493 1049 1577 apud
1073 1491 1174 1557 schol.
1201 1491 1313 1555 Nubb.
1339 1506 1404 1571 239

225 1617 258 1679 in
281 1617 383 1680 citato
405 1615 497 1681 Pacis
521 1635 616 1680 versu
644 1633 706 1696 192
730 1635 792 1699 pro
815 1609 895 1689 θκεα
918 1614 1038 1698 legitur
1061 1607 1157 1688 ἦλθες.

267 1794 382 1859 Paucis
404 1794 547 1876 denique
564 1792 645 1859 locis
664 1792 767 1860 altera
785 1754 945 1879 particula
956 1792 1092 1858 alteram
1104 1791 1271 1878 expellere
1284 1799 1404 1857 conata

224 1924 286 1982 est
312 1915 369 1981 Sic
391 1922 499 1982 Nubb.
516 1938 596 1998 340:

827 2069 915 2150 λέξον
939 2070 976 2147 θη
999 2094 1061 2150 μον,
1085 2070 1119 2136 σθ
1140 2072 1289 2138 παθοῦσαν

311 2191 396 2275 εθσερ
419 2192 548 2277 νεφέλαν
571 2194 603 2273 γ’
628 2193 700 2260 εἰσὶν
723 2194 851 2270 οθληθῶς,
874 2194 995 2269 θνηταῖς
1017 2191 1117 2271 εἴξασι
1140 2191 1288 2271 γυναιξίν,

223 2374 372 2439 Venetus
395 2382 429 2438 et
452 2375 629 2439 Ravennas
652 2394 727 2438 curn
750 2372 915 2458 plerisque
938 2372 1009 2437 aliis
1036 2392 1097 2456 pro
1120 2371 1158 2447 θη
1183 2380 1287 2437 metro
1299 2373 1401 2438 invito

223 2495 372 2579 praebent
395 2494 432 2570 δη
462 2500 520 2561 νῦν.
566 2497 700 2561 Prorsus
720 2496 837 2560 eodem
850 2497 951 2560 modo
963 2501 1043 2563 Pac.
1071 2518 1154 2576 1099
1172 2494 1270 2560 lectio
1284 2492 1401 2576 Φοοθζεο

224 2617 261 2693 δη
284 2619 317 2682 in
340 2639 407 2683 uno
431 2619 544 2684 codice
567 2620 594 2683 B
619 2628 749 2684 servata
772 2626 832 2695 est,
857 2638 932 2682 curn
955 2620 988 2681 in
1013 2620 1130 2684 ceteris
1153 2627 1261 2684 exstet
1284 2614 1401 2699 φροθζεο

223 2739 260 2814 δη
284 2743 343 2804 νῦν.
378 2741 556 2806 Ambobus
580 2750 691 2806 autern
714 2741 764 2804 his
787 2739 867 2804 locis
891 2743 940 2803 νῦν
962 2740 1094 2823 praefert
1115 2741 1267 2823 Blaydes,
1281 2740 1400 2823 quade

222 2882 322 2927 causa
334 2883 449 2946 parurn
463 2863 542 2928 mihi
554 2861 666 2945 liquet.
687 2860 797 2927 Altius
809 2862 990 2926 autemhoc
999 2862 1121 2927 malum
1131 2865 1196 2927 iam
1205 2863 1400 2946 penetravit.

258 2996 386 3069 Equtt.
403 2997 438 3056 82

714 3086 797 3168 δεῦρο
821 3087 858 3163 θη
883 3086 1035 3170 πρόσελθ’,
1061 3086 1110 3154 ἵνα

379 3207 546 3287 ξυναυλίαν
569 3207 755 3288 κλαύσωμεν
777 3207 949 3288 Οὐλύμπου
972 3209 1072 3289 νόμον.
1089 3212 1111 3297 ¹)

221 3389 278 3453 ubi
308 3409 369 3472 pro
395 3388 432 3463 tt
457 3389 491 3452 in
513 3389 666 3454 omnibus
689 3388 859 3453 codicibus
881 3399 1000 3473 praeter
1022 3391 1052 3454 R
1075 3399 1109 3455 et
1131 3390 1222 3456 vat?
1243 3391 1397 3455 traditum

222 3520 273 3576 est
314 3513 371 3588 νῦν,
415 3511 505 3595 quod
547 3511 663 3574 merito
706 3510 842 3576 reiciunt
877 3512 998 3597 Bergk,
1036 3512 1197 3589 Meineke,
1233 3513 1394 3590 Ribbeck,

253 3713 274 3778 1)
293 3715 315 3765 E
332 3715 484 3780 glossemate
500 3722 583 3765 ortum
598 3721 636 3764 est
652 3714 722 3778 quod
739 3713 816 3766 habet
832 3714 949 3765 Suidasi.
962 3732 983 3766 v.
994 3713 1139 3778 ξυναυλίανε
1149 3713 1319 3777 πενθῆσυμεν,
1327 3716 1398 3781 quod

221 3800 311 3850 merito
336 3799 408 3850 reicit
432 3798 464 3849 G.
489 3800 592 3863 Blinger
608 3797 650 3862 (de
666 3799 795 3865 Aristoph.
819 3799 922 3866 Equitt.‚
939 3799 1050 3866 Lysistr.‚
1067 3800 1224 3865 Tbesmoph.
1241 3800 1310 3866 apud
1327 3799 1398 3850 Suid.

221 3883 342 3949 reliquiis,
368 3883 437 3932 Diss.
462 3883 576 3949 Argent.‚
599 3880 671 3949 1878,
688 3898 714 3947 p.
732 3893 763 3945 33
782 3884 836 3947 sq.).
863 3881 943 3932 Nullo
960 3883 1015 3932 iure
1032 3884 1116 3948 Toup,
1133 3881 1174 3932 cui
1192 3883 1267 3933 simul
1283 3892 1398 3949 suspecta

222 3973 275 4016 erat
291 3965 374 4016 forma
390 3963 530 4027 Οθλθμπου
547 3963 588 4030 (ci.
606 3965 702 4015 Zacher
719 3965 1030 4030 Aristophanes-Studien,
1047 3982 1072 4030 p.
1090 3979 1105 4016 2
1123 3967 1179 4032 sq.),
1196 3964 1330 4028 ξυναυλίαν
1338 3982 1399 4015 σεν-

222 4047 328 4111 θήσομεν
344 4047 478 4110 Ὀλύμπου
496 4050 576 4110 νόμον,
592 4056 672 4098 metro
690 4063 791 4114 quoque
807 4056 974 4113 repugnante.
1008 4050 1098 4115 Neque
1115 4048 1274 4113 probabilius
1291 4049 1398 4099 Ruther·

222 4133 281 4183 ford
300 4133 334 4182 ad
350 4132 474 4182 scholium
491 4129 660 4193 μιμησόμεθα
677 4127 718 4182 οθν
734 4128 760 4181 ἐν
776 4136 812 4194 σῷ
830 4130 921 4192 θρηνεῖν
938 4132 985 4190 την
1002 4131 1140 4180 συναυλίαν
1158 4129 1290 4193 ὀλθμσου
1308 4133 1351 4182 καὶ
1366 4132 1397 4191 ὣς

222 4215 273 4267 ἀπὸ
290 4219 351 4279 μνᾶς
367 4220 448 4278 ouria
465 4214 607 4279 θδυμθμεθα
624 4222 739 4266 annotat:
757 4215 822 4283 „We
839 4215 932 4265 should
948 4224 994 4266 not
1006 4217 1070 4267 alter
1079 4216 1215 4277 Ὄλυμπος
1224 4223 1250 4266 to
1260 4215 1397 4278 Οθλυμοεος

221 4300 250 4350 iu
265 4301 336 4351 these
351 4307 433 4366 notes,
449 4300 519 4349 since
534 4299 605 4348 there
620 4315 674 4349 was
691 4316 706 4349 a
723 4298 831 4363 reading
847 4297 1008 4359 πενθήσομεν
1026 4297 1184 4361 ὀλθμσου.”

254 4384 375 4434 Praeterea
391 4383 461 4448 apud
480 4381 587 4433 saidam
602 4383 724 4432 traditum
740 4389 778 4432 est
795 4383 859 4445 νθμμ
877 4397 924 4447 pro
941 4383 1022 4444 νθμον,
1039 4382 1108 4448 quod
1126 4383 1216 4435 vitium
1233 4383 1323 4434 dubito
1333 4385 1397 4434 sitne

221 4466 271 4532 ipsi
294 4465 379 4516 Suidae
396 4465 558 4516 tribuendum
575 4482 608 4515 an
624 4465 744 4532 librariis,
761 4465 806 4531 qui
822 4465 877 4514 eius
894 4465 996 4514 codices
1012 4466 1172 4532 scripserunt,
1190 4473 1217 4515 ut
1234 4473 1305 4531 putat
1320 4468 1397 4516 Bern-

220 4549 310 4614 hardy.
333 4550 429 4599 Vitium
445 4548 518 4598 dicoz
535 4565 596 4599 num
613 4565 702 4615 parum
720 4549 825 4599 feliciter
841 4547 991 4613 Blaydesius
1010 4550 1073 4612 νόμην
1091 4548 1207 4599 defendit
1218 4549 1396 4601 couAcharn.

223 4643 286 4699 773:
304 4631 331 4683 ai
347 4630 382 4694 μθ
399 4629 471 4684 ’θετον
488 4627 560 4693 viror
576 4633 662 4698 χοῖρος
678 4630 805 4687 Ἑλλήνων
822 4632 896 4697 νθμῳ,
913 4631 959 4700 qui
975 4632 1047 4686 locus
1063 4631 1129 4684 nihil
1145 4631 1179 4684 ad
1195 4647 1257 4684 rem.
