3434 5394
766 516 805 584 17

196 689 301 772 schyli
315 690 417 754 verba
439 698 476 752 ut
504 688 547 752 de
577 689 706 752 Leonte
736 696 877 771 praetore
907 687 996 752 dicta
1021 685 1231 772 intellegere?
1254 686 1375 750 Iniuria

198 834 278 878 vero
301 814 443 897 priorem
466 832 597 875 versum
632 810 754 875 delevit
775 809 926 889 Dindorf,
950 818 1038 874 recte
1060 809 1240 873 Brunckius
1263 828 1375 873 secun-

196 936 287 1010 dum,
319 953 397 998 nam
420 935 581 1009 „verbum
604 930 760 1015 ἐκτρέφειν
782 954 830 996 vs.
858 949 940 1014 1432
980 932 1084 997 multo
1122 940 1172 996 est
1211 931 1317 1015 aptius
1347 932 1375 995 si

199 1053 343 1133 σκύμνος,
371 1075 470 1137 quam
501 1055 529 1119 si
555 1053 629 1118 λέων
660 1064 711 1120 est
740 1055 1036 1120 commemoratus”
1068 1055 1155 1138 (Van
1188 1053 1374 1138 Leeuwen).

203 1178 279 1242 Non
309 1176 390 1242 nihil
412 1177 550 1241 subsidii
571 1176 655 1241 haec
677 1177 791 1259 opinio
814 1178 891 1241 inde
913 1185 1025 1261 potest
1046 1175 1197 1259 accipere
1219 1211 1264 1226 -
1286 1175 1376 1258 quod

201 1307 314 1363 tamen
344 1305 575 1382 argumentum
608 1299 763 1381 equidem
801 1318 918 1382 urgere
951 1297 1052 1362 nolim
1073 1335 1118 1346 -
1141 1298 1231 1380 quod
1260 1299 1294 1361 in
1324 1316 1376 1361 co-

203 1421 332 1485 dicibus
354 1419 483 1486 VACD
507 1420 603 1485 huius
625 1441 738 1485 versus
759 1441 836 1504 pars
859 1421 947 1504 prior
970 1421 1129 1485 omittitur
1140 1421 1172 1504 ¹).

237 1717 259 1776 1)
278 1714 378 1764 Iniuria
403 1713 571 1765 Leeuwenius
596 1714 629 1764 ad
646 1715 742 1764 variam
767 1715 903 1765 lectionem
927 1712 1036 1777 ἐκτρέφῃ
1054 1728 1100 1780 pro
1117 1711 1238 1778 ἐκτραφῇ,
1255 1719 1378 1762 servatam

198 1797 273 1862 apud
289 1797 415 1847 Plutarch.
432 1797 559 1847 Alcibiad„
575 1799 637 1847 XVI
654 1805 787 1848 annotasse
806 1798 870 1848 mihi
880 1798 979 1848 videtur
988 1797 1108 1864 „somne
1116 1796 1207 1847 recte.’‘
1216 1797 1290 1862 ¹Num
1297 1795 1380 1846 leonis

197 1880 279 1930 catuli
297 1881 411 1930 moribus
429 1881 598 1946 obtemperari
615 1882 723 1931 minime
738 1897 785 1947 par
803 1889 855 1948 est;
873 1881 895 1931 is
911 1880 995 1947 potius
1012 1880 1155 1931 domandus
1172 1887 1208 1930 est
1224 1888 1249 1930 et
1266 1880 1293 1928 in
1302 1880 1379 1930 servi·

197 1970 279 2012 tutem
303 1963 466 2030 redigendus,
492 1964 591 2014 adultus
616 1980 676 2014 vero
703 1965 802 2014 domari
828 1965 879 2014 iam
899 1980 952 2014 non
977 1971 1067 2030 potest,
1087 1971 1113 2013 ut
1129 1963 1229 2012 monuit
1244 1962 1379 2013 Fritzsche.

198 2045 273 2096 Nihil
295 2061 355 2096 vero
383 2046 426 2096 hic
444 2047 528 2112 aptius
546 2063 624 2113 quam
641 2049 748 2098 aoristus
764 2045 888 2112 ἐκτραφῇ,
904 2063 980 2112 quem
997 2047 1102 2112 perfecti
1119 2046 1172 2096 iere
1187 2046 1293 2096 notione
1310 2060 1379 2096 usur-

199 2129 258 2196 pari
270 2129 373 2195 plurimi
391 2146 433 2180 me
450 2130 592 2180 docuerunt
608 2131 757 2196 scriptorum
774 2129 920 2180 Graecorum
935 2131 1003 2196 ioci;
1020 2130 1053 2180 ci.
1070 2131 1178 2180 Acham.
1197 2127 1262 2192 782:

900 2263 941 2310 νύν
958 2277 991 2322 γε
1009 2262 1092 2324 χοῖρος
1108 2260 1235 2324 φαίνεται,

534 2343 600 2408 ιἰτδιρ
619 2343 754 2407 ἐκτραφείς
770 2362 804 2407 γε
816 2343 903 2402 κύσθος
919 2343 1002 2394 έσται.

235 2477 332 2540 Equitt.
350 2490 414 2538 414:
448 2473 655 2539 ὑπερβαλεῖσθαί
668 2479 693 2526 τ’
711 2476 792 2539 θύομαι
809 2477 943 2533 τούτοισιν,
960 2477 974 2535 i)
992 2476 1076 2539 μάταν
1093 2478 1122 2538 γ’
1139 2475 1169 2526 biv

452 2558 655 2623 ἀπομαγδαλιὰς
671 2560 817 2622 σιτούμενος
831 2563 953 2618 τοσοῦτος
970 2557 1128 2622 έκτραφεύνρν.

235 2694 304 2742 Ran.
326 2706 401 2758 1191:
418 2693 458 2744 ’θνα
474 2693 510 2754 μῆ
528 2691 663 2756 θκτραφεδς
678 2692 778 2756 γένοιτο
794 2696 841 2743 τού
858 2694 954 2756 πατρὸς
970 2690 1066 2754 Φινεύς.

237 2827 303 2876 Xen.
323 2827 376 2876 Oec.
393 2827 442 2876 VII
458 2839 505 2890 34:
523 2825 566 2876 nai
580 2829 627 2875 τού
638 2825 790 2889 γιγνομένου
801 2827 876 2876 τθιιου
888 2825 1050 2888 ἐπιμελεῖται
1062 2824 1093 2883 ὡς
1104 2823 1266 2888 έκτρέῴαται·
1278 2821 1380 2874 έπειδδιν

202 2909 227 2958 δ
245 2907 358 2975 έκτραῷῇ
376 2908 419 2959 καὶ
442 2907 568 2972 νἰξιοεργοδ
584 2911 610 2958 οἱ
623 2909 721 2960 νεοττοὶ
737 2908 870 2971 γένωνται,
887 2907 1013 2973 ἇποικέζει
1031 2907 1123 2966 αιίτοιδς
1139 2910 1186 2958 σύν
1202 2907 1382 2970 τύνέπιγύνων

204 3009 253 3041 τινι
272 2990 384 3052 ύργέμονι.

240 3125 305 3174 Eur.
323 3125 411 3190 Suppl.
429 3122 492 3189 891:
527 3125 621 3186 Ἀρκδις
638 3124 683 3186 μὲν
700 3123 734 3183 ἦν,
753 3122 827 3174 ἐλθὼν
844 3123 866 3174 δ’
884 3123 924 3174 ἔπ’
942 3123 1046 3186 Ἰνάχου
1064 3123 1119 3186 θοῖνς

526 3205 673 3257 παιδεύεται
690 3209 749 3257 κατ’
767 3208 873 3269 ’Ἄργος
891 3206 1025 3269 ἐκτραφεὶς
1041 3204 1065 3255 δ’
1083 3203 1137 3255 ἐκεῖ

524 3294 622 3352 πρῶτον
639 3291 692 3352 μὲν,
709 3289 740 3348 oie
757 3292 807 3353 χρὴ
825 3293 886 3348 τσδς
901 3293 1082 3353 μετοικοῦντας
1098 3288 1189 3352 ξένους,

524 3375 632 3436 λυπηρὸς
649 3372 693 3423 οὐκ
710 3372 738 3433 ἢν
756 3373 810 3424 κτὲ.

335 3507 404 3555 Med.
422 3518 485 3571 939:
521 3505 614 3563 παῖδες
630 3505 653 3556 δ’
671 3506 737 3563 θπιις
754 3505 784 3556 biv
801 3504 946 3568 έκτραφύσι
964 3511 997 3573 σῇ
1014 3507 1080 3570 χερί,

519 3587 596 3638 airon
613 3589 725 3652 Κρέοντα
741 3587 816 3647 τθνδε
834 3589 869 3652 μὴ
886 3587 992 3652 φεύγειν
1008 3590 1095 3653 χθόνα.

287 3713 361 3762 Rhes.
379 3725 429 3777 930
445 3728 488 3778 sq:
522 3711 569 3763 ’ένθ’
588 3711 724 3776 ἐκτραφεὶς
741 3713 873 3763 κάλλιστα
889 3712 1013 3776 παρθένιον
1030 3714 1078 3762 ύπο

525 3795 621 3861 Θρᾴκης
638 3795 755 3846 ἀνάσσων
772 3802 870 3858 πρῶτος
888 3794 942 3855 ἧσθ’
959 3795 1059 3860 ύνδρθθν,
1075 3795 1170 3849 τέκνον.

242 3906 340 3956 Eadem
360 3907 550 3972 significatione
567 3909 705 3975 perfectum
722 3909 864 3958 adhibitum
881 3909 961 3959 habes
977 3910 1062 3959 Nubb.
1080 3919 1141 3974 795:

526 4008 552 4059 έθ
564 4009 608 4059 σού
621 4026 661 4067 τις
678 4013 728 4068 νθθς
744 4007 814 4060 ἐστιν
831 4009 1029 4072 ἐκτεθραμμένος

244 4089 281 4157 (τύ
297 4091 467 4156 τεθραμμένος
484 4093 539 4143 sine
555 4095 620 4144 iustu
636 4109 711 4144 causa
727 4094 847 4146 Meineke
864 4093 941 4144 Vind.
957 4094 1002 4142 Ar.
1019 4109 1045 4158 p.
1063 4091 1114 4156 74.)

263 4217 327 4267 Eur.
345 4219 402 4268 Ion.
420 4216 486 4284 823:
521 4219 618 4269 νεανίαν
634 4218 656 4269 δ’
674 4218 705 4277 ύς
721 4218 807 4284 ᾔσθετ’
819 4215 1024 4280 ἐκτεθραμμένον,

518 4300 598 4352 ἐλθεῖν
613 4301 701 4352 ’έπτισε
718 4301 783 4364 δεῦρ’
801 4299 921 4358 ἀπαιδίας
937 4299 1021 4368 χάριν,

207 4415 235 4458 et
251 4409 304 4474 (qui
320 4410 392 4460 locus
410 4411 516 4460 omnino
535 4410 705 4460 conferendus
721 4418 758 4459 est
775 4417 799 4459 et
816 4424 904 4459 revera
921 4409 973 4458 iarn
985 4409 1018 4458 ab
1027 4408 1083 4459 aliis
1091 4408 1205 4471 collatus)
1214 4409 1302 4474 Suppl.
1314 4423 1388 4462 1222:

514 4518 595 4580 πικροὶ
611 4520 663 4580 γδιρ
681 4515 769 4575 αύτούς
785 4515 855 4580 δέξετ’
873 4515 1067 4579 ἐκτεθραμμένοι

515 4601 621 4664 σκύμνοι
638 4604 753 4660 λεόντων,
770 4603 862 4657 πύλεος
878 4598 1060 4663 ἐκπορθήτορες
