3444 5396
687 1749 837 1812 CAPUT
863 1753 1029 1816 NONUM,

652 1937 709 1996 De
738 1937 1064 1999 omissionibus.

746 2161 942 2170 ————.-

303 2356 522 2421 Praecedentis
551 2356 669 2438 capitis
698 2377 775 2439 pars
806 2357 896 2440 prior
927 2357 1049 2420 iamin
1074 2377 1115 2420 eo
1143 2377 1266 2440 genere
1290 2356 1444 2420 vitiorum

259 2478 458 2554 versabatur,
490 2479 533 2542 de
565 2498 632 2560 quo
663 2499 750 2541 nunc
781 2475 883 2542 fusius
914 2479 1139 2561 disputaturus
1169 2496 1260 2554 sum3
1286 2478 1331 2542 ibi
1354 2478 1444 2540 enim

256 2600 398 2685 agebam
422 2601 464 2664 de
487 2599 774 2684 praepositionibus
799 2601 929 2664 omissis
948 2601 981 2663 in
997 2599 1106 2664 verbis
1123 2602 1334 2683 compositis;
1353 2621 1444 2665 nunc

260 2722 302 2786 de
324 2721 395 2784 aliis
417 2720 617 2804 quibusdam
633 2720 714 2784 locis
741 2741 841 2805 agere
865 2721 944 2785 mihi
969 2723 1136 2805 proposui,
1154 2722 1322 2805 inquibus
1347 2742 1448 2786 voca-

259 2843 374 2907 bulum
397 2843 554 2907 omissum
576 2843 662 2907 viam
686 2844 729 2907 ad
753 2865 868 2908 verum
890 2845 1127 2907 inveniendum
1155 2845 1301 2909 indicare
1321 2851 1445 2928 potest,

262 2973 318 3030 aut
332 2966 448 3029 iniuria
469 2964 632 3029 nonnullis
655 2965 834 3030 editoribus
857 2987 955 3049 posse
978 2965 1086 3029 visum
1115 2974 1176 3030 est.

307 3087 394 3154 Satis
416 3097 526 3153 autem
548 3087 700 3171 frequens
722 3089 787 3152 hoc
815 3089 998 3152 omissionis
1015 3090 1131 3152 vitium
1153 3097 1204 3153 est
1220 3090 1254 3152 in
1270 3090 1443 3153 codicibus

266 3209 526 3294 Aristophaneis,
558 3211 591 3273 in
623 3210 662 3273 iis
693 3210 874 3292 praesertim
904 3209 1006 3286 libris,
1035 3231 1119 3293 quos
1151 3210 1295 3294 optimos
1327 3230 1447 3274 vocare

265 3328 422 3394 solemus.
470 3329 555 3392 Nam
586 3338 623 3391 ut
655 3337 784 3394 taceam
806 3328 849 3392 de
872 3327 1037 3394 nonnullis
1061 3330 1222 3405 versibus,
1249 3329 1306 3413 qui
1328 3330 1391 3393 toti
1414 3329 1448 3390 in

265 3453 303 3516 iis
337 3451 456 3515 desunt
471 3449 502 3535 ¹),
535 3471 635 3534 quam
664 3470 754 3533 saepe
777 3459 918 3514 metrum
949 3471 1081 3534 prorsus
1111 3450 1363 3533 pessumdatum
1387 3458 1448 3526 est,

270 3605 466 3618 ...ι’-

298 3683 318 3746 ¹)
335 3683 391 3749 lug.
401 3683 427 3734 in
436 3684 459 3732 R
469 3683 561 3750 Equitt.
569 3695 627 3750 414,
637 3684 701 3734 Plut.
711 3695 768 3749 712.
776 3685 983 3752 -Quapropter
995 3686 1096 3736 Kockio
1109 3685 1214 3750 (Rhein.
1225 3687 1290 3736 Mus,
1302 3687 1340 3735 IX
1352 3703 1384 3750 p..
1390 3689 1449 3751 515)

264 3782 316 3818 uon
341 3765 434 3816 licebat
459 3781 597 3832 provocare
625 3767 658 3816 ad
683 3767 751 3817 hunc
776 3769 891 3819 codicem
916 3784 974 3818 cum
999 3769 1095 3818 deleret
1116 3769 1214 3832 Equm.
1233 3769 1352 3835 215,qui
1370 3769 1449 3818 ineo

264 3847 393 3900 omittitur.
428 3847 521 3900 Versus
538 3858 622 3900 nutem
638 3849 666 3899 hi
683 3859 754 3900 sunt:
772 3850 860 3918 „Idem
877 3852 961 3901 facere
977 3852 1085 3901 debebis
1102 3851 1173 3917 quod
1190 3869 1260 3902 nunc
1277 3852 1353 3902 iacis:

550 3963 666 4029 τάμοιο-το
684 3965 728 4016 καὶ
743 3965 846 4029 χόρδευ’
863 3966 927 4028 6μοῦ
944 3969 980 4018 τὰ
997 3967 1146 4030 πράγματα

550 4047 656 4100 tium
673 4048 716 4099 καὶ
732 4050 776 4099 τον
793 4047 871 4111 δῆμον
888 4048 928 4098 oiri
945 4054 1091 4118 προσποιοῦ,

551 4127 743 4196 ὑπογλυκαίνων
761 4132 890 4195 ῥηματίοις
906 4135 1083 4196 μογειροιοῖς.’“

301 4247 383 4314 Quem
408 4247 450 4300 hie
475 4245 587 4298 medium
612 4247 688 4300 citavi
706 4265 813 4316 versum,
832 4249 853 4300 is
876 4265 930 4300 non
946 4249 1003 4301 sine
1019 4267 1115 4316 magno
1140 4253 1272 4302 sententiae
1296 4252 1448 4302 detrimento

266 4331 347 4382 omitti
365 4337 454 4398 potest.
471 4329 501 4380 iu
519 4329 601 4398 primo
617 4331 687 4382 eninr
704 4347 777 4382 versu
794 4348 879 4383 servus
896 4334 957 4384 solis
973 4334 1144 4384 locutionibus
1161 4351 1223 4385 usus
1240 4343 1277 4386 est
1294 4352 1325 4385 ex
1343 4335 1448 4385 isiciarii

267 4421 318 4468 orte
333 4412 479 4480 (insumptis,
497 4413 524 4464 iu
540 4413 630 4465 ultimo
648 4413 699 4464 inm
716 4421 801 4480 aperte
813 4416 846 4466 de
863 4416 939 4482 plebe
954 4417 1074 4483 loquitur.
1100 4418 1242 4482 Aptissime
1260 4419 1334 4484 igitur
1348 4418 1449 4468 medius

266 4511 352 4550 vernus
370 4495 501 4548 transitum
519 4503 589 4562 peret
606 4511 651 4562 per
667 4496 750 4549 iusum
768 4497 902 4550 verborum
919 4497 997 4561 iture
1014 4529 1048 4538 —
1065 4498 1156 4562 δημος;
1174 4517 1251 4566 quem
1268 4509 1353 4552 tamen
1364 4503 1449 4552 lusum

268 4579 345 4632 nimiu
363 4585 483 4645 nocturne,
509 4583 535 4630 ut
561 4577 667 4647 vitietur,
686 4577 853 4630 Cunnubouus
869 4582 905 4632 sic
925 4581 1099 4648 interpretetus
1116 4593 1164 4634 est:
1190 4586 1253 4650 „Ait
1271 4586 1363 4650 igitur:
1382 4587 1451 4636 Ante
