3434 5394
911 490 951 556 16

333 695 442 760 neque
471 677 577 762 magis
608 675 714 741 Graeei
744 678 904 742 sermonis
932 677 1034 742 indoli
1067 678 1243 742 convenire
1274 699 1395 745 censeo
1421 681 1514 763 quod

333 799 512 882 legendum
531 818 604 863 esse
622 799 764 864 coniecit
782 798 893 884 Bergk
914 797 1053 884 (Praefat
1077 820 1111 883 p.
1135 799 1229 878 XVI,
1249 801 1377 865 addens
1387 809 1521 866 tamen:

336 921 419 997 „nisi
449 920 642 986 subditicius
671 929 723 986 est
744 929 833 986 totus
854 919 1018 1006 versus”):
1042 920 1075 994 ἐς
1098 919 1298 1002 σκευοφόρους
1321 917 1466 988 ἑκάστοτ’
1492 922 1522 986 ἐν

335 1039 491 1122 κωμῳδί.
535 1041 618 1107 Tale
648 1042 728 1125 quid
760 1041 788 1106 si
823 1041 876 1106 hic
911 1051 1168 1126 exspectaretur,
1203 1044 1379 1108 dicendum
1411 1045 1523 1128 potius

335 1162 464 1229 suisset:
501 1211 521 1240 ‚‚
555 1162 597 1235 εἷς
631 1161 704 1236 τοὺς
737 1158 881 1228 ἑκάστοτ’
917 1163 947 1227 ἐν
977 1171 1017 1245 τῇ
1048 1161 1193 1247 κωμῳδίᾳ
1225 1165 1519 1245 insumentum?

334 1285 436 1368 Quod
458 1285 600 1368 denique
622 1287 794 1369 proposuit
822 1285 915 1350 Blass
941 1285 1066 1370 (Herm.
1091 1285 1219 1350 XXXII
1243 1307 1277 1370 p.
1306 1287 1398 1370 149):

921 1435 1021 1520 <ioxep
1044 1437 1202 1521 Φρυνίχονς

615 1542 695 1609 εἴωθε
719 1549 813 1610 ποιεῖν
836 1543 891 1609 κον)
915 1542 1026 1609 Arium
1050 1542 1236 1625 κοὶμενφίοννς

617 1649 709 1726 σκεύη
732 1649 832 1732 φέρων
854 1650 967 1714 κοτὲ.-

336 1803 451 1868 melius
473 1803 611 1868 sortasse
633 1803 729 1869 huius
752 1805 948 1870 coniectura
970 1804 1094 1869 nullam
1123 1803 1276 1869 fecissem
1292 1804 1518 1882 mentionem;

337 1946 415 1990 nam
447 1927 537 2010 quod
560 1947 627 2009 quo
652 1927 753 1991 modo
775 1926 859 1991 haec
882 1927 947 1991 sint
970 1927 1129 1992 vertenda
1153 1947 1220 1992 non
1243 1928 1351 2010 capio,
1374 1927 1409 1989 id
1432 1946 1516 1991 meae

335 2051 437 2132 ipsius
467 2050 572 2133 culpae
607 2059 643 2114 ut
672 2051 815 2114 tribuam
845 2069 899 2113 me
922 2057 1037 2114 monet
1052 2049 1236 2114 reverentia
1259 2069 1326 2132 qua
1349 2047 1515 2113 Blassium

336 2175 507 2256 suspicere
532 2173 635 2237 soleo.

382 2416 473 2481 Alibi
497 2438 631 2501 quoque
654 2419 688 2481 in
710 2418 812 2482 Ranis
835 2425 924 2483 totus
946 2438 1059 2482 versus
1082 2439 1148 2482 una
1167 2418 1265 2483 litura
1281 2417 1440 2482 delendus
1456 2427 1517 2492 est,

337 2548 373 2604 et
396 2559 511 2604 revera
534 2541 600 2603 iam
623 2541 680 2604 diu
702 2539 842 2603 deletus.
866 2540 1065 2604 Notissimos
1088 2539 1166 2604 volo
1189 2560 1313 2615 versus,
1337 2539 1456 2621 quibus
1475 2539 1520 2602 de

338 2659 514 2725 Alcibiade
536 2661 728 2745 opinionem
752 2681 847 2725 suam
870 2661 1008 2743 exponit
1030 2660 1221 2744 Aeschylus
1244 2663 1340 2745 (1431
1368 2661 1473 2744 sqq.):

538 2849 570 2912 ori
595 2847 657 2929 xli
682 2845 803 2921 λέοντος
826 2845 959 2925 σκύμνον
982 2847 1013 2910 ἐν
1037 2845 1126 2913 πόλει
1149 2846 1272 2931 τρέφειν

543 2950 688 3031 adhaere
711 2952 768 3031 μὲν
791 2951 901 3018 λέοντκ
924 2953 969 3031 μὲν
994 2953 1024 3016 ἐν
1049 2951 1138 3018 πόλει
1161 2952 1293 3036 τρέφειν,

541 3057 574 3134 ἢν
597 3057 625 3122 δ’
649 3058 791 3140 ἐκτραφῇ
814 3082 870 3132 τος,
893 3064 956 3131 τοῖς
979 3057 1102 3140 τρόποις
1124 3059 1291 3139 ὑτκρετεῖν.

384 3231 526 3295 Primum
557 3241 591 3295 et
620 3233 801 3296 secundum
831 3251 963 3295 versum
993 3231 1047 3295 hic
1079 3228 1175 3295 simul
1207 3229 1281 3294 serri
1312 3250 1380 3294 non
1407 3249 1518 3314 posse,

338 3354 559 3436 unusquisque
574 3354 678 3418 lector
692 3355 803 3418 statim
820 3354 928 3417 sentit.
968 3354 1055 3417 Nam
1068 3351 1237 3416 Fritzschii
1249 3351 1516 3435 explicationem,

337 3477 395 3559 qui
411 3476 591 3539 secundum
605 3496 737 3540 versum
752 3476 903 3558 Dionyso
918 3477 1031 3540 tribuit
1046 3485 1080 3540 et
1095 3477 1260 3539 Leontem
1275 3473 1518 3538 Atheniensem

337 3618 380 3662 eo
413 3597 537 3660 irrideri
571 3605 676 3680 putat,
710 3617 909 3679 quamquam
944 3597 1115 3679 ingeniose
1151 3597 1339 3678 excogitata
1364 3603 1423 3671 est,
1452 3615 1517 3679 ego

337 3738 471 3801 quoque
502 3719 612 3794 reicio,
638 3738 706 3781 non
729 3727 841 3782 tamen
864 3739 939 3782 eam
962 3719 1006 3782 ob
1030 3737 1163 3782 causam
1187 3737 1286 3800 quam
1310 3716 1418 3782 attulit
1440 3717 1517 3780 Van

288 3883 298 3906 0
339 3839 522 3904 Leeuwen:
548 3840 725 3921 „quoniam
748 3840 886 3903 verbum
905 3837 1026 3920 τρέφειν
1043 3859 1110 3902 non
1127 3839 1169 3902 de
1185 3838 1381 3915 hominibus,
1398 3839 1458 3902 sed
1474 3839 1517 3902 de

338 3959 534 4024 animalibus
570 3961 763 4043 domesticis¹
786 3961 923 4025 dicitur''
948 3961 1037 4044 (nam
1060 3960 1210 4025 Bacchus
1233 3959 1392 4042 Aeschyli
1415 3961 1517 4025 verba

340 4080 498 4175 τκρῳδῶν
517 4103 583 4146 non
613 4091 724 4165 potest
755 4102 821 4146 non
852 4083 970 4146 iisdem
1001 4081 1069 4146 sere
1100 4083 1208 4146 verbis
1236 4083 1281 4145 uti
1306 4082 1426 4165 quibus
1450 4082 1514 4158 ille,

340 4205 466 4268 etiamsi
490 4225 510 4267 a
533 4205 697 4268 communi
714 4224 773 4267 usu
789 4196 956 4288 paulisper
971 4205 1190 4290 abhorreant),
1207 4205 1267 4268 sed
1282 4205 1360 4287 quia
1375 4203 1514 4268 scurrilis

337 4326 413 4390 talis
443 4327 534 4389 iocus
564 4327 628 4390 hoc
656 4325 732 4390 loco
764 4347 805 4390 ne
828 4327 980 4408 Dionyso
1003 4328 1138 4411 quidem
1161 4326 1330 4403 convenit;
1355 4334 1517 4408 praeterea

339 4447 525 4531 plerosque,
537 4470 578 4514 ne
591 4451 699 4514 dicam
712 4470 839 4524 omnes,
851 4459 1064 4533 spectatores,
1077 4450 1204 4532 opinor,
1216 4448 1270 4512 hic
1282 4449 1372 4511 iocus
1383 4466 1516 4530 prorsus

339 4569 507 4635 latuisset:
539 4592 606 4654 quo
630 4573 718 4637 enim
741 4574 842 4637 modo
866 4572 1017 4636 Bacchus
1039 4571 1183 4635 indicare
1206 4569 1366 4653 potuisset
1389 4589 1424 4632 se
1452 4569 1517 4633 Ae
