3434 5394
753 509 796 573 29

182 703 229 745 ex
262 681 373 764 aliqua
406 679 661 763 proverbialium
695 679 898 743 locutionum
933 677 1128 743 collectione
1144 679 1184 763 1);
1219 687 1366 744 attamen

181 803 286 868 verba
308 823 382 887 quae
410 802 499 886 apud
522 800 659 866 Suidam
683 801 835 885 leguntur
858 799 1003 865 efficiunt
1026 809 1062 864 ut
1084 797 1155 879 ὄρνιν
1178 821 1222 865 ex
1244 799 1364 884 glosse-

182 934 273 991 mate
287 935 395 989 ortum
411 944 485 989 esse
501 923 723 1006 suspicemur;
740 942 849 1006 neque
864 922 981 986 iniuria
996 921 1190 996 Meinekius,
1208 919 1365 996 Kockius,

183 1045 378 1128 Blaydesius
401 1054 595 1129 receperunt
617 1045 754 1109 Porsoni
778 1044 1046 1108 emendationem
1068 1041 1156 1107 σίλλίι
1174 1042 1247 1123 πρὸς
1261 1045 1366 1106 τοῦτον

183 1167 243 1246 μὲν
266 1168 338 1245 ἡμίν
362 1163 442 1232 ἔστιν
466 1163 586 1248 ὕστερος
609 1163 709 1243 λόγος.

229 1291 325 1356 Alter
358 1290 450 1355 locus
484 1298 535 1353 est
568 1293 657 1353 Avv.
675 1295 735 1356 881.
777 1287 827 1352 Ibi
860 1308 976 1353 omnes
1005 1288 1060 1353 dei
1094 1288 1298 1363 invocantur,
1331 1296 1367 1352 ut

178 1413 313 1478 salutari
337 1433 397 1476 suo
421 1411 544 1475 auxilio
566 1411 767 1493 opitulentur
791 1431 887 1476 novae
910 1411 1000 1475 urbis
1023 1410 1149 1486 incolis,
1177 1410 1294 1475 ιοιίτοίσι
1312 1409 1365 1475 κοιί

183 1533 325 1599 Χίοισι...
360 1533 413 1597 ιιοιί
450 1529 537 1612 ίίρωσι
566 1531 618 1596 vati
648 1531 734 1612 ὄρνισι
761 1530 815 1596 xri
848 1532 944 1612 ἡρώων
975 1529 1073 1606 ποιισί,
1105 1529 1286 1613 πορφυρίωνι
1313 1531 1367 1597 xci

181 1656 350 1720 τελέκοιντι
373 1654 439 1719 κτὲ.
463 1691 507 1702 -
531 1654 732 1718 Coniciendo
756 1653 934 1738 legendum
957 1675 1030 1718 esse
1053 1649 1155 1734 ίίρωσιν
1175 1651 1261 1734 ὄρνισι
1284 1655 1366 1718 Her-

181 1798 322 1843 mannus
355 1778 466 1861 (quem
497 1777 601 1840 secuti
632 1784 707 1840 sunt
738 1774 857 1859 Bergk,
891 1775 1053 1852 Meineke,
1083 1776 1234 1851 Dindorf,
1258 1777 1367 1861 Kock)

182 1901 310 1982 optime
332 1900 404 1983 ipse
427 1898 586 1962 indicavit
609 1919 676 1980 quo
700 1899 801 1962 modo
824 1898 926 1962 verba
941 1897 1038 1962 'haud
1064 1899 1166 1963 dubie
1188 1900 1298 1982 spuria
1313 1898 1366 1964 κιιί

179 2018 270 2102 ὄρνισι
303 2023 336 2085 in
370 2030 500 2084 textum
531 2021 733 2104 irrepserint:
767 2041 887 2104 nempe
910 2019 1080 2085 annotatio
1104 2018 1189 2101 ὄρνισι
1213 2021 1292 2086 oiim
1321 2024 1367 2086 in·

183 2152 291 2219 vecta,
315 2143 436 2206 deinde
459 2142 573 2206 addito
596 2140 649 2206 κοιί
673 2162 748 2205 curn
771 2142 1032 2225 praecedentibus
1057 2143 1167 2206 iuncta
1190 2152 1249 2207 est.

230 2323 267 2384 In
289 2322 452 2404 integrum
475 2320 600 2383 restitui
622 2321 689 2384 iarn
714 2320 828 2402 nequit
850 2325 939 2386 Avv.
957 2325 1029 2398 388:

474 2489 526 2555 κοοί
551 2491 586 2555 τὸ
611 2489 678 2571 tipo
704 2490 778 2573 χνό,
801 2489 852 2555 riv
875 2489 1032 2568 ὀβελίσκον

482 2618 661 2692 περιπατεῖν
685 2609 819 2692 ἔχοντοις
841 2613 925 2690 ἡμᾶς

478 2738 538 2798 τῶν
561 2729 664 2799 ὄπλων
689 2733 779 2806 ἐντός.

185 2911 364 2976 Hastarum
399 2913 485 2977 enim
521 2912 595 2976 loco
629 2913 839 2977 Pithetaerum
873 2914 1066 2996 sociumque
1084 2914 1106 2998 Β)
1141 2915 1284 2980 verubus
1319 2917 1367 2980 uti

182 3043 390 3118 spectatores
421 3035 500 3117 ipsis
530 3034 634 3099 oculis
665 3035 832 3111 videbant,
856 3055 965 3117 neque
988 3035 1130 3100 dubitari
1156 3045 1266 3119 potest
1289 3039 1368 3120 quin

187 3176 234 3220 ex
264 3154 390 3220 scholio
421 3165 492 3218 orta
523 3155 589 3219 sint
617 3155 719 3218 verba
750 3154 801 3219 τόν
831 3154 998 3232 ὄβελίσιιον,
1027 3177 1102 3238 quae
1127 3156 1250 3222 delevit
1271 3180 1303 3222 v.
1327 3158 1367 3222 cl.

189 3278 402 3342 Halbertsma
435 3279 647 3361 (assentiente
682 3277 848 3342 Meinekio
879 3298 954 3344 ann.
987 3280 1057 3343 crit.
1084 3299 1118 3362 p.
1143 3280 1222 3363 Vi);
1249 3281 1368 3362 quibus

182 3409 300 3464 tamen
324 3401 437 3464 eiectis
461 3399 586 3464 lacunae
611 3400 741 3482 signum
765 3401 955 3482 ponendum
980 3411 1040 3465 est.

234 3577 381 3642 Transeo
404 3578 448 3641 ad
470 3583 595 3641 Avium
614 3596 761 3640 versum
783 3596 850 3656 533.
889 3575 955 3658 Qui
979 3580 1026 3643 sic
1048 3579 1187 3644 traditus
1210 3590 1277 3645 est:

390 3753 472 3819 κούδ’
500 3747 556 3827 οὖν,
580 3750 664 3833 είπερ
689 3757 795 3817 τοοῦτοι
819 3753 903 3818 δοκεῖ
922 3753 1003 3835 opatu,

392 3873 598 3953 ὀπτησάμενοι
624 3873 777 3956 ποιρὲὄενό
802 3876 893 3954 ὑμᾶς,

392 3999 467 4062 ἀλλ’
495 3997 651 4062 ἐπικνῶσιν
675 3996 771 4078 τνρόν,
793 3997 902 4074 ἔνιοιιον,

393 4119 522 4200 σίλφιον,
546 4116 621 4195 ὄξος,
645 4118 697 4183 ιιοιί
723 4119 888 4201 τρίψοντος

391 4239 580 4322 κατάχυσμ’
607 4235 704 4321 ἕτερον
729 4241 830 4318 γλυκὺ
854 4243 907 4308 κοιί
933 4243 1060 4324 λιποιρόν
1082 4246 1147 4310 ιιτὲ.

225 4425 245 4485 1)
255 4425 332 4474 Haud
342 4426 414 4475 aliter
422 4441 477 4476 uos:
486 4427 565 4492 „daar
572 4426 678 4475 kunnen
688 4443 727 4477 we
736 4427 799 4477 later
807 4444 861 4493 uog
869 4429 918 4478 wel
927 4444 987 4480 cens
995 4445 1044 4478 een
1053 4431 1226 4496 woordjemee
1237 4432 1369 4496 spreken.’'

223 4507 244 4570 ί)
268 4510 367 4559 Ambos
393 4510 461 4559 enim
483 4510 524 4559 his
541 4509 618 4558 armis
635 4507 713 4559 fuisse
731 4511 865 4562 instructos
890 4512 1029 4563 rectissime
1045 4529 1127 4579 nuper
1143 4515 1287 4566 observavit
1302 4533 1326 4568 v.
1344 4518 1369 4567 d.

186 4591 323 4641 Viirtheim
338 4593 471 4656 (Mnemos.
490 4593 598 4658 XXVII,
614 4608 640 4656 p.
659 4597 725 4658 335).
