3434 5394
865 502 905 581 38

295 708 395 771 quam
425 689 470 753 ob
500 686 723 770 praestantiam
754 687 863 750 mirari
886 686 989 761 solco,
1013 685 1191 768 aliquando
1212 692 1326 749 tamen
1349 683 1475 748 felicius

295 808 393 872 cessit
414 807 602 872 emendatio
625 826 726 890 quam
749 805 909 881 Bentleio‚
933 805 1071 889 principi
1094 804 1290 868 criticorum.
1330 803 1417 868 Nam
1440 803 1475 866 in

294 933 455 1006 Equitum
472 949 581 995 versu
597 949 668 1009 340,
686 927 743 991 ubi
775 927 908 991 codices
937 934 1101 1009 quotquot
1130 924 1240 990 collati
1264 934 1340 989 sunt
1366 933 1473 988 metro

296 1051 401 1114 invito
423 1048 549 1114 habent
571 1047 624 1113 καὶ
648 1048 711 1126 μὴν
734 1046 794 1126 ἐγώ
812 1055 839 1112 τ’
855 1049 886 1113 οὐ
903 1048 1040 1129 παρήσω,
1055 1047 1222 1113 Bentleius
1242 1047 1407 1112 scribebat
1422 1045 1477 1110 κα)

297 1170 361 1248 μήν
384 1178 411 1235 τ’
434 1169 494 1247 ἐγὼ
519 1171 550 1234 οὐ
574 1169 712 1250 παρήσω,
734 1170 897 1254 probante
921 1170 1110 1247 Diodorfi03
1128 1169 1243 1234 iniuria
1257 1178 1380 1245 tamen,
1397 1189 1475 1232 nam

296 1302 386 1357 recte
408 1291 601 1374 Blaydesius
619 1292 779 1356 observat
800 1293 846 1356 sic
868 1292 978 1375 potius
1002 1313 1046 1356 σοι
1073 1292 1274 1374 exspectari;
1306 1300 1475 1375 praeterea,

297 1423 334 1478 ut
355 1434 409 1477 me
432 1423 546 1478 monet
567 1435 600 1478 v.
623 1413 664 1478 cl.
688 1433 753 1478 van
776 1413 952 1488 Leeuwen‚
977 1421 1106 1478 retento
1130 1412 1325 1497 pronomine
1342 1411 1475 1475 Isiciarii

296 1535 398 1599 verba
428 1535 651 1618 significarent
682 1535 839 1612 „missum
869 1542 903 1598 te
927 1555 993 1598 non
1018 1534 1169 1609 saciam’',
1193 1553 1301 1614 neque
1323 1533 1357 1595 in
1380 1552 1477 1596 versu

297 1656 448 1739 sequenti
472 1653 578 1736 ποῖρες,
602 1652 698 1736 ποῖρες
721 1655 879 1736 arpinatis
903 1655 972 1720 θεῶν
996 1655 1077 1736 αὐτῷ
1102 1655 1312 1736 διαρραγῆναι,
1327 1655 1362 1717 in
1377 1653 1476 1718 aliam

296 1776 567 1861 significationem
590 1778 776 1860 detorqueri
799 1784 946 1858 possent.
980 1775 1113 1859 Optime
1137 1797 1216 1841 vero
1239 1775 1376 1840 Bothius
1404 1795 1478 1859 pro·

298 1919 419 1964 nomen
450 1921 485 1961 σε
514 1898 646 1964 delevit.
692 1897 801 1980 Quem
831 1898 888 1981 qui
919 1906 953 1961 et
983 1897 1118 1980 ingenio
1149 1908 1184 1963 et
1206 1897 1357 1962 doctrina
1377 1896 1478 1980 longe

297 2019 462 2103 longeque
491 2020 668 2103 superabat
699 2019 739 2084 G.
776 2019 985 2084 Hermannus
1014 2027 1120 2086 Nubb.
1139 2042 1190 2101 143
1220 2029 1332 2084 tamen
1359 2038 1478 2102 parum

297 2151 386 2206 recte
408 2143 541 2206 retinuit
563 2143 762 2207 deteriorum
786 2141 962 2206 multorum
985 2143 1136 2207 codicum
1158 2143 1336 2207 lectionem
1356 2138 1477 2217 νομίσαι

300 2261 333 2327 δέ
357 2287 392 2327 σε
414 2267 520 2327 ταῦτα
544 2263 606 2344 χρὴ
630 2261 795 2342 μυστήρια,
818 2283 895 2326 cum
919 2264 951 2326 in
968 2264 1030 2328 VR
1050 2263 1121 2330 aliis
1136 2284 1319 2346 pronomen
1336 2287 1370 2326 σε
1384 2263 1476 2326 omit·

299 2395 395 2450 tatur.
424 2386 542 2468 Neque
560 2385 666 2468 magis
678 2384 755 2448 mihi
767 2384 877 2468 placet
887 2384 1080 2468 Blaydesius
1092 2387 1126 2451 in
1140 2392 1285 2452 Nubium
1303 2405 1411 2451 versu
1423 2391 1479 2462 819

300 2507 336 2572 τὸ
358 2507 379 2594 ¹)
405 2506 468 2572 Δία
491 2503 620 2586 νομίζειν
643 2503 715 2570 ὄντα
734 2507 932 2582 τηλικουτονί,
959 2529 1003 2573 ex
1026 2508 1120 2573 Bodl.
1144 2509 1176 2584 6,
1201 2507 1296 2572 Cant.
1319 2526 1352 2587 4,
1375 2507 1477 2580 Mon„

301 2629 375 2694 Elb.
407 2629 568 2713 recipiens
597 2628 772 2691 lectionem
797 2633 825 2696 σῒ
850 2623 933 2702 ὄντα,
956 2627 1031 2692 licet
1061 2631 1160 2693 ceteri
1187 2649 1303 2693 omnes
1325 2629 1479 2692 omittant

300 2771 484 2836 pronomen
513 2773 556 2825 σε,
579 2750 633 2816 vel
651 2757 739 2819 Plut.
764 2771 823 2832 345
843 2751 988 2835 probans
1011 2750 1103 2833 quod
1132 2750 1258 2814 habent
1285 2749 1376 2814 Harl.
1401 2757 1479 2812 zet

300 2873 394 2937 Bodl.
413 2889 443 2949 2,
461 2881 488 2936 o'
505 2869 632 2948 ἔξεστιν,
655 2873 816 2956 simulque
832 2883 1012 2937 annotans:
1034 2873 1155 2949 „Forte
1172 2869 1335 2948 σοῦξεστιν.
1359 2870 1479 2953 Requi-

300 2997 381 3059 ritur
402 2995 537 3058 omnino
559 2995 776 3076 pronomen.”
799 2995 924 3079 Magna
940 3004 1057 3059 contra
1072 3015 1147 3058 cum
1164 2995 1234 3058 veri
1250 2993 1362 3077 specie
1378 2993 1479 3066 idern,

301 3116 500 3180 Brunckium
525 3125 656 3180 secutus
679 3122 784 3182 Nubb.
803 3122 872 3196 u36
891 3137 934 3180 ex
958 3117 1040 3179 Mut.
1066 3133 1083 3197 3
1109 3137 1186 3199 pro:

480 3305 545 3376 ποῖς
567 3300 628 3383 νοὶρ
652 3326 700 3377 τις
723 3299 860 3387 norw),
885 3295 925 3373 οἷς
949 3299 1079 3383 ὀφείλων
1101 3298 1254 3381 comem

481 3424 537 3499 θείς
560 3446 611 3503 μοι
635 3430 798 3506 πρυτανεῖ’
819 3424 948 3488 οὶπολεῖν
971 3421 1013 3500 με’
1036 3427 1113 3505 φησι
1136 3421 1279 3500 κοῖξολεῖν

301 3603 465 3686 rescripsit
494 3603 622 3668 οῖπολεῖν
652 3627 689 3667 τε
720 3601 800 3684 φησί
828 3599 981 3678 κοῑξολεῖν,
1013 3603 1058 3665 irn
1088 3622 1153 3684 qua
1178 3601 1319 3665 lectione
1343 3601 1477 3685 egregie

303 3726 380 3790 mihi
404 3725 538 3807 quidem
561 3724 693 3807 placent
715 3725 843 3790 οὶπολεῖυ
866 3734 901 3789 et
923 3721 1036 3800 ἐξολεῖν
1059 3732 1126 3788 tam
1150 3732 1219 3787 arte
1243 3725 1427 3787 coniuncta.

356 3918 507 3983 Transeo
531 3919 574 3982 ad
597 3925 702 3985 Nnbb.
715 3925 792 3996 696,
816 3918 871 3982 ubi
896 3917 1022 3983 Socrati
1046 3917 1187 3981 iubenti:

527 4070 720 4154 ἐκφρόντισόν
743 4095 773 4136 τι
796 4078 855 4136 τοῖν
879 4075 1006 4136 σεαυτοῦ
1030 4068 1237 4153 πραγμάτων,

309 4221 504 4234 *ιι-...-

336 4287 358 4350 1)
376 4287 420 4337 Sic
443 4287 605 4337 Valckenaer
631 4287 756 4349 (Diatribe
782 4287 815 4335 de
841 4283 990 4336 Aristobulo
1007 4286 1047 4335 ed.
1064 4285 1148 4336 Luzac
1166 4301 1191 4351 p.
1208 4285 1253 4351 4l3
1270 4284 1372 4334 codices
1387 4283 1483 4334 habent

305 4371 359 4420 τὸν.
375 4397 407 4408 -
425 4369 448 4419 Ε
465 4370 564 4419 scholio
580 4370 627 4418 τοῦ
644 4367 672 4419 tt
691 4367 741 4418 Ala
758 4369 789 4418 ci
806 4364 998 4430 cincunsela!
1011 4373 1073 4430 φησι
1082 4366 1224 4431 Σύμμαχος
1235 4382 1357 4433 apparere
1369 4365 1483 4432 Symma-

304 4452 380 4501 chum
397 4451 480 4501 adhuc
496 4467 583 4501 veram
599 4452 701 4501 novisse
718 4451 854 4500 lectionem
871 4451 927 4500 iure
941 4450 1085 4501 observavit
1094 4452 1193 4503 Ernesti
1202 4451 1280 4516 (apud
1290 4451 1482 4512 Hermsnnum).

339 4531 359 4593 ²)
376 4529 418 4580 Sic
436 4547 467 4580 ex
475 4530 642 4581 deterioribus
650 4531 784 4581 codicibus
795 4529 881 4580 multis
888 4529 997 4580 editores
1009 4537 1067 4594 post
1074 4531 1225 4596 Reisigium,
1234 4537 1323 4596 praeter
1331 4528 1484 4595 Bergkium5

308 4614 372 4664 olim
389 4612 477 4674 ’ὄμνυτ’
495 4613 633 4678 legebatur.
