3434 5394
790 523 809 590 7

208 693 440 778 Aristophanis
474 693 606 759 codices
640 714 707 759 non
737 701 879 770 exstare,
909 713 977 758 non
1007 701 1058 758 est
1091 695 1182 777 quod
1214 709 1387 767 moneam;

208 826 361 903 patruum
390 837 471 882 vero
502 816 555 881 vel
585 815 820 881 consobrinum
850 815 983 880 alterius
1013 837 1087 881 esse
1118 817 1257 882 alterum
1279 825 1389 880 utrum

207 941 350 1006 sciamus
372 960 487 1015 necne,
511 939 547 1003 id
569 939 614 1003 ad
635 946 745 1022 poetae
767 946 898 1004 textum
922 939 956 1004 in
971 939 1134 1024 integrum
1151 938 1390 1003 restituendum

209 1083 278 1127 non
312 1060 449 1126 multum
482 1060 594 1125 valere
624 1061 778 1143 equidem
811 1079 941 1136 censeo,
973 1068 1006 1124 et
1039 1061 1159 1144 saepius
1183 1059 1261 1124 mihi
1284 1059 1390 1142 adspi-

208 1185 307 1250 cienti
340 1193 375 1248 et
404 1184 624 1248 consideranti
655 1191 830 1247 stemmata
860 1182 915 1246 illa
946 1182 1111 1260 codicum,
1138 1183 1173 1247 in
1195 1181 1388 1247 memoriam

209 1306 305 1372 rediit
327 1304 575 1370 Iuvenalianum
597 1303 677 1369 illud
701 1303 906 1381 „Stemmata
928 1304 1009 1389 quid
1031 1303 1187 1369 faciunt.''

254 1428 416 1492 Praeterea
439 1446 540 1510 quam
564 1427 707 1491 maxime
730 1426 857 1492 lubrica
880 1435 931 1491 est
953 1425 1036 1491 haec
1054 1427 1117 1503 via,
1134 1425 1390 1510 gravissimaque

210 1551 244 1614 in
259 1570 300 1614 ea
323 1557 399 1614 sunt
421 1547 575 1632 pericula.
600 1549 744 1613 Primum
768 1549 856 1613 enim
878 1547 1064 1612 cavendum
1079 1557 1196 1624 estne,
1212 1548 1291 1611 dum
1306 1547 1390 1611 inter

208 1671 289 1736 talia
310 1678 444 1736 aetatem
465 1669 533 1734 fere
549 1670 758 1745 conterimus,
775 1669 912 1734 tandem
928 1669 1094 1752 scriptoris
1108 1668 1244 1733 alicuius
1259 1669 1391 1733 codices

211 1794 316 1877 magis
338 1793 371 1857 in
395 1790 519 1857 deliciis
544 1792 667 1857 habere
682 1793 877 1874 incipiamus
900 1811 1000 1874 quam
1022 1792 1131 1874 ipsum
1149 1790 1390 1875 scriptorem¹);

209 1914 330 1979 deinde
356 1912 538 1997 periculum
562 1921 621 1989 est,
645 1934 687 1977 ne
712 1921 982 1997 argumentorum
1006 1913 1090 1976 inter
1112 1933 1150 1976 se
1173 1913 1391 1996 pugnantium

211 2036 300 2102 mole
334 2037 483 2120 oppressi
517 2035 730 2100 detrudamur
764 2036 807 2099 ad
841 2036 1021 2100 sententias
1055 2043 1222 2099 contortas
1256 2044 1291 2099 et
1324 2034 1392 2099 iere

210 2158 379 2233 obscuras,
414 2165 449 2222 et
481 2157 525 2221 de
560 2156 680 2240 quibus
714 2155 994 2240 Shaksperianum
1024 2155 1108 2220 illud
1138 2177 1182 2220 ex
1216 2155 1390 2221 Hamleto:

210 2279 379 2364 „Th0ugh
402 2263 467 2343 this
492 2279 534 2343 be
559 2280 723 2354 madness,
748 2287 807 2360 yet
821 2278 917 2342 there
935 2279 998 2342 isa
1019 2278 1155 2343 method
1173 2279 1207 2341 in
1224 2277 1267 2342 't’'
1283 2277 1394 2343 valere

207 2404 369 2478 videatur,
404 2403 451 2465 sic
487 2409 665 2465 mutatum:
721 2400 890 2484 „Though
923 2399 988 2464 this
1021 2402 1064 2466 be
1098 2421 1119 2464 a
1154 2399 1299 2477 method,
1334 2410 1394 2483 yet

208 2524 303 2589 there
326 2525 354 2588 is
377 2542 471 2588 some
494 2523 647 2587 madness
670 2523 703 2586 in
726 2522 783 2586 it.'’
811 2522 875 2600 Sic,
897 2531 934 2586 ut
949 2522 1142 2606 exemplum
1154 2521 1328 2606 proferam,
1340 2525 1393 2588 cui
1491 2553 1494 2559 ¹

208 2647 345 2712 tandem
369 2645 526 2729 prodesse
550 2665 695 2726 unquam
719 2653 874 2728 poterunt
893 2665 966 2727 quae
984 2646 1073 2726 apud
1086 2643 1264 2708 thlerum
1280 2645 1393 2729 legun·

209 2778 262 2834 tur
285 2772 318 2834 in
342 2769 526 2853 appendice
549 2768 592 2831 ad
616 2767 761 2831 Nubium
778 2765 1054 2831 Teuffelianarum
1066 2766 1245 2831 editionem
1256 2766 1392 2832 alteram

210 2892 255 2976 (p.
280 2892 373 2975 206):
399 2891 475 2968 „die
502 2889 602 2953 Hdss.
626 2887 736 2971 gehen
759 2887 832 2952 teils
856 2908 894 2952 so
910 2887 1137 2963 auseinander,
1152 2888 1229 2952 dass
1248 2909 1325 2953 man
1345 2891 1392 2954 sie

210 3036 271 3080 nur
293 3016 354 3079 mit
378 3012 478 3078 Muhe
502 3010 563 3076 auf
581 3012 679 3075 einen
701 3009 914 3093 Archetypus
937 3008 1173 3073 zuriickiiihren
1196 3008 1296 3086 kann,
1318 3011 1392 3076 teils

208 3138 324 3220 zeigen
347 3144 439 3200 sonst
461 3135 570 3218 wenig
590 3134 782 3197 verwandte
805 3129 1030 3214 Manuskripte
1042 3131 1116 3194 eine
1129 3130 1392 3197 iiberraschende

209 3256 462 3333 Aehnlichkeit;
487 3255 613 3319 Beweis
638 3274 761 3338 genug,
786 3256 862 3318 dass
877 3253 953 3336 hier
965 3254 1018 3317 ein
1034 3253 1188 3338 lzdufiger
1206 3253 1392 3320 Austausch

207 3402 274 3445 von
313 3381 472 3466 Lesarten
514 3375 677 3442 zwisalten
720 3377 783 3440 den
817 3374 1065 3440 verschiedenen
1098 3374 1243 3439 Klassen
1274 3385 1392 3461 statge·

201 3502 334 3584 funden
353 3500 445 3566 hat.''
481 3475 634 3580 Denique
654 3517 743 3581 saepe
761 3497 889 3573 accidit,
910 3505 946 3561 ut
964 3496 1009 3559 ibi
1034 3497 1227 3561 artissimam
1249 3497 1392 3582 aliquam

208 3625 442 3708 cognationem
475 3621 726 3704 deprehendere
757 3620 819 3684 sibi
855 3618 1030 3684 videantur
1052 3619 1111 3683 viri
1135 3621 1233 3697 docti,
1257 3621 1313 3684 ubi
1336 3631 1392 3687 aut

210 3745 300 3809 nulla
332 3746 383 3822 sit,
419 3752 476 3809 aut
509 3744 691 3821 levissima;
727 3743 818 3807 cuius
852 3743 898 3807 rei
937 3763 1039 3805 unum
1073 3741 1161 3806 dabo
1191 3743 1390 3827 exemplum.

210 3870 313 3932 Anno
335 3869 434 3951 igitur
454 3867 538 3931 1886
555 3866 752 3949 Rudolphus
768 3865 909 3940 Schnee‚
932 3865 966 3928 in
990 3863 1275 3948 disputatiuncula,
1291 3887 1392 3948 quam

207 4010 309 4073 supra
339 3990 437 4054 citavi
471 3989 538 4066 „de
570 3988 802 4072 Aristophanis
825 3986 1052 4072 manuscriptis
1078 3986 1197 4070 quibus
1220 3987 1336 4054 Ranae
1358 4000 1392 4055 et

241 4286 263 4351 1)
280 4287 354 4354 „Ten
370 4294 462 4338 onzeut
478 4287 518 4337 ael
534 4287 568 4338 de
588 4287 741 4352 vermaning
756 4287 806 4338 wel
817 4287 960 4352 overbodig
970 4287 1029 4354 rijn,
1039 4286 1083 4336 die
1094 4303 1142 4338 een
1154 4285 1262 4338 Duitsch
1274 4287 1392 4353 geleerde

206 4370 262 4422 niet
277 4372 339 4436 lang
356 4371 465 4436 geleden
481 4378 519 4422 tot
538 4371 605 4436 zijne
622 4371 810 4436 philologische
821 4371 1011 4435 landgenooten
1022 4371 1130 4421 meende
1140 4377 1166 4420 te
1175 4378 1276 4421 moeten
1285 4370 1391 4421 richten.

207 4470 253 4504 om
269 4455 328 4504 toch
345 4455 400 4506 niet
415 4470 485 4505 meer
502 4454 615 4520 gewicht
632 4461 656 4505 te
672 4455 781 4505 hechten
798 4469 848 4504 san
865 4453 898 4504 de
914 4453 1106 4504 handsehriften
1121 4470 1172 4504 vnn
1182 4454 1214 4504 de
1225 4453 1347 4504 Chanson
1359 4454 1392 4504 de

207 4537 313 4588 Roland
339 4538 391 4588 dan
418 4553 468 4588 san
493 4539 526 4588 de
554 4537 677 4588 Chanson
701 4537 797 4588 zelve’'.
822 4565 857 4575 —
880 4536 998 4606 Symons‚
1020 4535 1203 4603 Handelingen
1223 4553 1248 4588 v.
1269 4536 1296 4588 h.
1313 4544 1392 4587 eerste

209 4620 419 4673 Nederlandsche
434 4621 703 4688 philologencongres,
719 4637 745 4686 p.
761 4621 803 4684 46.
