3444 5396
912 471 954 553 78

342 651 415 735 ροδα
437 655 503 720 uri.
526 653 579 722 καὶ
600 653 667 737 περὶ
689 653 732 720 τοὶ
755 654 857 733 γέλγη
876 653 929 721 καὶ
954 650 987 720 οὗ
1011 654 1054 720 σοὶ
1078 653 1185 734 βιβλί’
1208 654 1294 733 ὤνια;
1318 654 1359 718 cf.
1374 653 1519 718 Acharn.

343 777 407 858 693
422 776 489 857 περὶ
507 773 698 859 Κλεψύδραν.
721 777 965 862 Praepositionis
978 773 1064 857 παρα
1076 798 1156 842 vero
1168 776 1234 842 hoc
1246 777 1347 841 modo
1364 776 1522 840 adhibitae

342 900 504 984 exempla,
539 901 571 964 ni
609 899 713 976 fallor,
746 897 862 964 frustra
890 900 1090 983 quaesiveris,
1122 919 1199 964 nam
1229 899 1334 982 quod,
1350 896 1524 962 conferunt

343 1021 417 1086 Pac.
447 1022 526 1104 165:

654 1148 798 1233 ἄνθρωπε,
818 1150 852 1217 σί
873 1151 954 1236 δρρῖς,
979 1147 1100 1225 σῦπσςό
1127 1150 1230 1234 χέζων

657 1270 686 1334 ἐν
710 1277 844 1354 Πειραιεῖ
864 1270 950 1352 παρα
972 1278 1044 1344 ταῖς
1068 1269 1199 1355 πόρναις,

343 1450 439 1514 huius
461 1451 524 1515 loci
547 1449 645 1534 longe
669 1450 733 1515 alia
756 1458 807 1514 est
829 1452 929 1514 ratio:
953 1471 1021 1515 non
1044 1449 1150 1515 solum
1174 1451 1262 1514 enim
1278 1450 1324 1513 ibi
1342 1445 1428 1529 παρα
1445 1470 1521 1512 cum

343 1573 455 1636 dativo
478 1572 623 1636 iunctum
645 1581 707 1648 est,
729 1592 844 1636 verum
868 1573 967 1636 etiam
992 1570 1077 1653 παρὰ
1101 1578 1173 1646 ταῖς
1196 1569 1320 1652 πόρναις
1335 1570 1519 1656 significare

343 1715 412 1759 non
444 1702 556 1779 potest
586 1695 641 1772 „in
672 1693 744 1759 l'oro
776 1695 1022 1773 meretricum”;
1056 1695 1238 1779 puellarum
1269 1695 1358 1759 enirn
1387 1693 1459 1758 fora
1489 1695 1522 1756 in

343 1816 516 1900 Babylone
538 1817 701 1881 exstitisse
725 1817 898 1882 Herodoto
923 1818 952 1882 l:
982 1816 1044 1900 196
1068 1817 1206 1881 libenter
1229 1817 1342 1894 cred0‚
1360 1817 1404 1880 de
1420 1816 1522 1880 Athe·

343 1940 392 2002 nis
422 1939 475 2004 vel
505 1939 547 2003 de
577 1940 681 2004 Piraeo
713 1938 800 2003 idem
832 1960 899 2004 non
922 1940 1054 2004 credam
1087 1941 1194 2004 donec
1219 1940 1400 2004 certissima
1423 1937 1520 2003 allata

343 2061 409 2124 sint
430 2061 627 2125 testimonia.

389 2288 427 2352 ln
444 2291 641 2368 vesparum
659 2309 768 2356 versu
785 2295 874 2370 10832

454 2473 649 2556 ἐμαχόμεσθ’
671 2475 799 2552 αὐτοῖσι,
825 2474 915 2554 θυμὸν
939 2471 1035 2553 ὀξίνην
1059 2473 1249 2551 πεπωκότες,

454 2596 534 2671 σποὶς
555 2598 627 2679 οὶνὴρ
651 2598 724 2679 παρ’
750 2594 841 2681 ἄνδρ’
869 2597 923 2662 ὑπ’
948 2599 1039 2680 ὀργῆς
1068 2598 1125 2674 riv
1149 2595 1283 2679 χελύνην
1306 2597 1424 2680 ἐσθίων,

343 2793 377 2857 in
400 2793 514 2857 codice
540 2794 571 2856 R
594 2813 655 2877 pro
679 2793 752 2873 παρ’
770 2803 821 2858 est
837 2794 921 2875 πρὸς.
946 2793 1051 2860 Simili
1068 2803 1178 2859 autem
1198 2814 1307 2859 errore
1324 2799 1429 2861 Nubb.
1441 2799 1517 2873 326:

901 2965 973 3021 ΣΩ.
997 2959 1123 3040 χωροῦσ’
1148 2952 1242 3023 οὖσαν
1267 2955 1348 3021 πάνυ
1371 2955 1499 3030 πολλαί,

367 3078 418 3144 δια
436 3084 495 3144 σῶν
509 3078 615 3146 κοίλων
630 3078 684 3146 καὶ
700 3084 760 3145 τῶν
780 3077 895 3144 δασέων
910 3073 1005 3144 αὗται
1018 3077 1162 3156 πλάγιαι.
1175 3087 1263 3142 ΣΤΡ.
1279 3076 1312 3142 σί
1321 3076 1356 3142 νδ
1368 3085 1499 3158 χρῆμα;

367 3202 406 3276 ὥς
428 3203 460 3266 οὐ
480 3202 602 3283 καθορῶ.
625 3211 699 3268 ΣΩ.
723 3199 809 3283 παροδ
832 3201 889 3276 σὺν
912 3197 1024 3266 εἴσοδον
1046 3201 1120 3275 xri„

345 3382 378 3445 in
401 3381 434 3446 V
457 3389 490 3446 et
513 3381 584 3446 aliis
606 3382 802 3465 quibusdam
826 3389 918 3446 extat
942 3379 1015 3461 πρὸς
1036 3400 1097 3463 pro
1117 3374 1214 3460 παραὶ,
1231 3379 1320 3462 quod
1340 3378 1519 3442 rectissime

345 3524 381 3568 se
411 3504 512 3568 habet
542 3512 576 3568 et
598 3503 683 3568 male
713 3503 905 3567 sollicitatur
932 3524 951 3566 a
984 3501 1173 3583 Blaydesio,
1202 3501 1256 3583 qui
1281 3501 1402 3565 conicit
1423 3496 1520 3564 κατα.

346 3626 518 3708 Iungenda
547 3626 635 3690 enim
665 3633 740 3690 sunt
770 3625 900 3706 χωροῦσ’
925 3619 1017 3688 αὖσαι
1042 3619 1124 3688 ποίνν
1156 3621 1273 3688 πολλαὶ
1305 3623 1364 3707 (νε.
1391 3624 1523 3708 324)...

346 3745 433 3827 παροδ
455 3747 511 3822 σὺν
535 3743 656 3812 εἴσοδον.

414 3960 452 4024 ln
486 3957 560 4042 ὑπέρ
594 3961 675 4025 abiit
706 3960 896 4044 praepositio
932 3957 1001 4041 περί
1028 3963 1135 4024 Nubb.
1162 3963 1235 4036 ανδ,
1254 3960 1309 4023 ubi
1343 3968 1521 4044 postquam

347 4082 500 4148 Socrates
524 4083 626 4148 dixit:

614 4235 774 4317 ἀεροβατῶ
796 4232 850 4299 καὶ
874 4239 1039 4318 περιφρονῶ
1063 4234 1116 4302 σὸν
1140 4230 1230 4311 ἥλιον,

349 4413 554 4498 Strepsiades
580 4413 761 4479 exclamat:

529 4566 627 4633 ἔπειτ’
652 4569 716 4635 οὶπὸ
739 4571 846 4652 ταρροῦ
869 4567 941 4642 σοὺς
964 4569 1044 4644 θεοὺς
1066 4571 1257 4654 ὑπερφρονεῖς
1278 4570 1352 4646 κσὲ.,
