3434 5394
809 437 849 502 23

235 605 319 672 ἔστιν
353 603 468 690 ἄφεσις
497 603 551 672 καὶ
583 605 711 684 ἔξεστιν,
744 607 789 670 ibi
819 602 933 687 ἄφεσις
962 605 1096 670 minime
1127 606 1252 670 dictum
1285 608 1415 672 videtur

237 752 333 810 „cum
367 739 518 813 respectu
554 730 597 794 ad
630 728 863 794 demissionem
893 729 937 792 de
960 727 1181 805 carceribus”,
1212 736 1248 793 ut
1278 736 1415 793 annotat

236 852 377 927 Alberti,
396 850 456 916 sed
474 850 553 914 nihil
573 847 757 934 significare
768 850 829 913 nisi
841 849 1131 932 approbationem;
1145 847 1186 913 cs.
1199 849 1347 931 Hesych.
1360 851 1413 913 iv.

234 970 360 1060 ἄφεσις]
380 969 557 1046 οὶνιίλανσις
571 968 736 1056 (οὶνιίλνσις
753 979 844 1035 recte
856 979 986 1035 veteres
999 969 1144 1034 editores
1157 970 1189 1055 ¹),
1206 970 1413 1051 συγχώρησις.

280 1170 446 1234 Interdum
481 1168 584 1233 lector
613 1166 826 1232 mirabundus
859 1165 913 1230 vel
946 1164 1214 1250 indignabundus
1237 1165 1338 1230 animi
1363 1166 1414 1229 sui

235 1291 387 1358 affectum
420 1292 455 1356 in
489 1292 636 1376 margine
670 1290 794 1354 codicis
826 1289 1010 1372 exprimere
1042 1298 1179 1353 conatus
1206 1297 1273 1366 est;
1306 1308 1414 1371 neque

234 1415 387 1496 cuiquam
429 1414 462 1477 in
497 1412 666 1477 codicibus
699 1410 865 1495 paulisper
898 1419 1030 1475 versato
1064 1410 1214 1494 ignotum
1250 1419 1301 1475 est
1333 1410 1414 1475 illud

234 1537 339 1615 ὡραῖον
352 1537 387 1599 in
402 1535 550 1620 margine
565 1534 684 1618 saepius
699 1533 911 1616 adscriptum.
925 1533 1001 1597 Huc
1013 1534 1120 1598 refero
1136 1533 1227 1616 quod
1242 1539 1414 1615 Ran.1454‚

235 1659 291 1722 ubi
315 1657 426 1723 audita
442 1657 607 1741 Euripidis
622 1657 665 1720 de
679 1655 850 1740 republica
866 1656 1028 1720 sententia
1045 1656 1192 1754 Bacchus
1207 1655 1413 1738 Aeschylum

233 1781 278 1845 de
301 1781 419 1845 eadem
441 1800 476 1844 re
498 1779 678 1862 interrogat
699 1778 750 1842 his
772 1777 901 1842 verbis:

614 1914 648 1981 τί
669 1913 722 1980 δαί
747 1912 803 1992 σιίς
825 1914 860 1979 σί
882 1913 1027 1991 λέγεις-

233 2073 268 2135 in
305 2072 421 2136 codice
457 2079 485 2134 Δ
509 2070 644 2155 legitur:
673 2075 777 2142 καλῶς
807 2068 841 2134 τί
869 2068 922 2134 δαί
954 2067 991 2133 σὺ
1024 2069 1144 2148 λένειςς
1178 2072 1265 2136 unde
1288 2081 1413 2137 temere

235 2192 429 2275 Blaydesius
454 2193 563 2257 effecit
584 2212 697 2256 veram
721 2192 898 2257 lectionem
926 2213 1017 2282 essex:
1039 2196 1151 2268 καλῶς·
1174 2192 1208 2257 σί
1233 2192 1285 2258 δαί
1312 2192 1414 2272 λέγεις

233 2310 289 2387 ούς
305 2319 385 2380 ΑΙΣ.
403 2312 460 2387 την
476 2310 563 2378 σίλιν
579 2310 740 2398 φροίσονἼ.
765 2312 919 2379 Similiter
940 2319 1046 2380 Nubb.
1066 2321 1106 2394 76

457 2472 506 2533 νῦν
528 2461 577 2533 οὖν
599 2465 669 2544 ίλην
691 2469 748 2544 riu
771 2465 869 2534 νιίκσα
892 2467 1067 2551 Φρονσίζιον
1090 2468 1157 2535 ὁδοῦ

457 2589 532 2668 μίαν
550 2585 633 2671 ηὗρον
654 2591 796 2672 σίσρανιίν
819 2589 979 2670 δαιμονίως
1000 2590 1156 2673 ὑπερφυᾶ,

231 2746 342 2810 codex
377 2742 471 2809 Cant.
500 2762 512 2808 1
548 2765 646 2829 supra
676 2743 751 2824 μίαν
781 2746 939 2829 scriptum
970 2745 1105 2810 exhibet
1135 2745 1235 2826 μίλις,
1267 2783 1311 2796 -
1345 2769 1411 2831 quo

234 2887 301 2931 nou
323 2867 444 2932 licebat
468 2866 645 2950 BIaydesio
665 2869 714 2931 uti
729 2867 771 2932 ad
787 2868 995 2952 probandam
1010 2868 1230 2937 coniecturam
1247 2867 1412 2950 Φρονσίζον

229 2986 323 3066 μίλις
343 2990 348 3070 Ι
368 2987 446 3067 μίαν
469 2983 552 3070 ηὗρον
573 2988 657 3064 κσὲ.;
679 3009 778 3071 quam
801 2999 912 3053 tamen
934 2990 1060 3073 recepit
1082 2989 1158 3054 Van
1181 2990 1356 3055 Leeuwen.

276 3111 434 3176 Eiusdem
474 3112 565 3176 modi
603 3111 726 3193 aliquid
768 3111 925 3176 accidisse
966 3113 1094 3177 videtur
1138 3116 1227 3176 Avv.
1243 3135 1319 3194 1212,
1354 3116 1410 3197 qui

229 3253 341 3298 versus
365 3235 411 3297 sic
433 3234 573 3316 scriptus
598 3242 708 3298 exstat
729 3234 763 3296 in
789 3233 959 3298 codicibus
981 3233 1090 3298 VAr:

411 3387 487 3471 πρὸς
508 3388 582 3464 τοὺς
604 3387 739 3464 κολοιοὺς
761 3393 828 3463 πῶς
852 3388 1033 3469 προσῆλθεςς
1056 3389 1088 3453 οὐ
1112 3386 1230 3466 λέγεις

229 3565 317 3627 quae
346 3544 503 3628 explicari
532 3544 682 3628 profecto
712 3552 860 3627 possunt,
889 3544 949 3608 sed
972 3544 1168 3628 corruptelae
1189 3546 1410 3628 suspicionem

228 3676 364 3732 movent
386 3667 518 3731 codices
542 3667 600 3730 RB
624 3666 747 3756 Haun„
767 3667 822 3748 qui
837 3665 961 3730 habent
983 3663 1183 3747 κολοιοίρχοος
1200 3669 1325 3732 omisso
1345 3673 1411 3743 σῶς

229 3788 270 3871 (Β
297 3787 420 3872 Haun.)
443 3796 478 3852 et
500 3785 702 3869 κολοιάρχονς
726 3791 790 3859 πῶς
812 3788 875 3871 (R),
899 3788 987 3852 unde
1010 3786 1102 3852 facile
1133 3798 1272 3872 apparet
1291 3799 1410 3872 postea

228 3910 378 3975 additum
401 3930 474 3976 esse
499 3914 575 3985 πῶς,
600 3911 798 3993 adscriptum
821 3930 842 3975 a
864 3909 987 3974 lectore
1006 3911 1230 3976 admirationis
1243 3910 1354 3995 pleno,
1375 3923 1409 3978 et

262 4118 283 4181 1)
302 4118 437 4170 contrario
462 4119 542 4169 modo
569 4119 676 4170 sortasse
692 4117 867 4169 emendandus
886 4126 923 4168 est
938 4119 1011 4169 locus
1027 4133 1058 4167 ex
1075 4117 1277 4168 nebarnensium
1293 4115 1408 4168 ὑσοίίσοι

226 4203 284 4252 s.f.:
310 4203 354 4253 καὶ
379 4203 438 4264 μοι’
464 4201 551 4265 ὀλίγον
576 4201 590 4251 ί
607 4203 655 4264 μὶν
670 4202 833 4264 τραυματίας
851 4200 894 4251 καὶ
912 4205 996 4258 κακῶς
1013 4198 1191 4250 ἀπαλλάττον
1207 4197 1331 4258 inaniret,
1349 4199 1362 4249 ί
1379 4197 1408 4250 tl

230 4286 388 4343 Δικαιόπολις
405 4284 570 4343 δεδειπνηκὼς
587 4283 631 4335 καί
647 4285 701 4346 μεθ’
720 4283 823 4348 ἑταίρας
839 4283 939 4350 (potul)
957 4280 1072 4333 ἀναλύων
1088 4311 1122 4321 -
1139 4283 1156 4334 l.
1173 4279 1316 4333 ἀπολαύων.

262 4368 329 4430 ⁹)In
346 4370 370 4418 V
386 4368 505 4419 traditum
522 4376 560 4419 est
575 4367 607 4418 τί
620 4366 663 4418 δαί
679 4366 713 4417 σί
730 4365 824 4428 λίνοις,
841 4368 910 4417 unde
925 4374 1007 4416 ortum
1017 4373 1080 4432 puto
1097 4366 1125 4416 id
1141 4365 1210 4432 quod
1221 4365 1249 4416 in
1260 4364 1318 4416 aliis
1329 4373 1408 4416 exstat

226 4453 260 4502 σί
272 4450 316 4502 δαί
331 4451 419 4515 λίγοις
435 4450 484 4509 σός
501 4450 571 4519 quod
586 4459 734 4516 receperunt
749 4450 865 4501 Dindorf
878 4459 903 4501 et
919 4465 970 4499 van
981 4450 1125 4517 Leeuwen;
1141 4449 1183 4500 hic
1192 4456 1278 4500 tamen
1289 4448 1369 4500 nimia
1380 4450 1407 4498 vi

227 4534 369 4600 praeditum
386 4550 443 4586 esse
459 4534 523 4585 mibi
540 4535 640 4586 videmr
656 4533 697 4602 σί,
715 4535 743 4584 in
760 4532 810 4584 fine
826 4533 955 4584 sententiae
972 4533 1091 4599 positum.
