3434 5394
877 523 1042 610 48.

309 703 463 789 Blaydes,
487 704 625 771 Graves.
648 743 693 756 -
714 707 885 793 Bergkius,
904 708 1093 776 Florentem
1113 711 1333 780 Christianum
1348 727 1491 796 secutus,

308 826 412 892 edidit
427 823 492 902 irre
507 827 592 906 ἡμῶν
608 829 625 903 η
643 827 755 894 ’πίνοιεν
770 829 865 906 τῆσδε
881 839 938 907 τῆς
953 829 1153 913 ἐγκεντρίδος,
1168 837 1253 900 -in
1270 858 1337 920 qua
1352 838 1494 906 lectione

308 969 509 1032 quamquam
541 950 683 1016 eiectum
713 951 852 1016 verbum
884 951 966 1018 ε’ττίν
997 955 1132 1020 minime
1143 956 1316 1023 offensioni
1329 968 1380 1025 est
1392 961 1423 1044 ¹),
1436 963 1493 1026 vix

308 1081 421 1137 tamen
436 1072 586 1137 iunctura
596 1074 830 1156 pronominum
844 1075 927 1154 ἡμῶν
939 1086 973 1141 et
983 1075 1080 1153 τῆσδε
1091 1077 1225 1144 defendi
1235 1101 1336 1162 posse
1348 1083 1491 1148 videtur.

352 1313 448 1398 Quae
470 1322 575 1382 Nubb.
592 1323 646 1397 148
667 1338 747 1382 vera
768 1317 811 1382 sit
833 1317 931 1384 lectio
954 1316 1080 1384 facilius
1102 1329 1248 1386 statuere
1259 1342 1447 1406 possumus,
1461 1325 1489 1388 si

308 1448 496 1521 reputamus
521 1445 650 1520 Equitt.
667 1461 737 1521 1195
758 1447 836 1522 post
850 1439 951 1517 ὀλίγον
967 1462 1019 1520 μιν
1034 1439 1122 1520 μείιει
1138 1443 1171 1507 in
1187 1444 1303 1510 codice
1316 1451 1342 1508 Θ
1355 1466 1489 1510 manum

307 1557 486 1621 secundam
513 1557 726 1641 adscripsisse
757 1559 871 1635 τιιῦτιι,
903 1559 1058 1642 idemque
1081 1561 1116 1623 in
1142 1567 1165 1623 Γ
1192 1561 1342 1627 additum
1366 1583 1440 1627 esse
1456 1563 1489 1647 ²).

352 1675 464 1742 Altius
493 1687 605 1743 autem
627 1678 699 1743 haec
722 1677 908 1762 corruptela
929 1681 1115 1762 penetravit
1137 1682 1171 1745 in
1196 1681 1342 1747 Nubium
1366 1683 1488 1761 locum,

308 1800 354 1864 ibi
385 1801 473 1866 enim
504 1804 571 1874 τῶς
601 1799 685 1877 δῆτνι
716 1803 805 1865 τοῦτο
837 1797 1015 1882 διεμέτρησε
1040 1812 1146 1869 metro
1169 1804 1272 1869 invito
1302 1805 1428 1871 habent
1458 1808 1490 1872 R

306 1927 341 1982 et
374 1919 556 2002 Borgianus
590 1919 715 1996 codex,
749 1918 826 1984 hinc
856 1929 929 1984 orta
949 1920 1080 1984 videtur
1103 1919 1201 1986 lectio
1225 1941 1309 2005 quae,
1332 1922 1366 1986 in
1394 1923 1427 1988 V
1454 1932 1489 1988 et

306 2038 415 2105 multis
437 2040 508 2106 aliis
530 2040 660 2116 tradita,
684 2039 861 2105 Dindorfio
884 2051 918 2106 et
940 2041 1140 2108 Leeuwenio
1162 2042 1303 2127 placuit:
1321 2047 1386 2117 πῶς
1401 2043 1485 2120 δῆτιι

306 2163 392 2227 τοῦτ’
437 2160 593 2243 ἕμὲτρητε.
644 2163 714 2227 Vix
760 2171 872 2226 tamen
922 2162 1038 2228 dubito
1079 2164 1159 2246 quin
1200 2164 1377 2230 lectionem
1421 2171 1488 2240 τῶς

307 2283 390 2361 δῆτνν
427 2283 603 2366 διεμέτρησε
640 2306 684 2349 ex
716 2283 935 2350 deterioribus
964 2285 1134 2350 codicibus
1164 2287 1273 2350 multis
1301 2287 1370 2352 iure
1400 2309 1487 2353 rece·

305 2407 414 2489 perint
446 2407 629 2482 Hermann,
652 2405 791 2482 Teuffel,
815 2404 918 2483 Coen,
943 2404 1077 2484 Ktihler,
1100 2405 1262 2490 Blaydes;
1287 2429 1393 2492 neque
1417 2411 1487 2475 iure

306 2527 464 2612 Bergkius
493 2548 537 2592 ex
564 2527 637 2592 aliis
666 2527 757 2592 libris
786 2527 891 2592 edidit
921 2532 988 2601 πῶς
1025 2531 1115 2593 τοῦτο
1151 2527 1344 2611 διεμέτρητε;
1377 2552 1486 2616 neque

303 2648 508 2734 probabilius
532 2653 596 2722 τῶς
618 2651 708 2714 τοῦτο
731 2647 769 2724 δη
794 2647 935 2730 ’μέτρητε
959 2648 1077 2725 Cobet,
1101 2650 1266 2726 Meineke,
1297 2651 1402 2716 Kock.

350 2771 427 2836 Non
451 2772 547 2836 nimis
570 2781 681 2836 autem
704 2771 782 2835 mihi
805 2772 1014 2856 urguendum
1036 2773 1167 2837 videtur
1189 2774 1280 2856 quod
1300 2783 1416 2839 contra
1431 2795 1485 2839 me

305 2893 399 2960 affert
421 2903 650 2978 argumentum
672 2914 705 2957 v.
729 2893 770 2958 cl.
794 2894 837 2957 H.
856 2893 886 2976 J.
909 2891 1021 2971 Polak,
1038 2914 1137 2977 quem
1157 2914 1239 2977 puer
1253 2895 1287 2958 in
1304 2893 1485 2976 Gymnasio

310 3016 583 3082 Roterodamensi
606 3025 843 3100 praeceptorem
866 3025 983 3081 nactus
1005 3016 1241 3092 doctissimum,
1258 3035 1344 3080 nunc
1360 3016 1487 3081 iuvenis

311 3138 497 3203 certaminis
528 3137 732 3222 Groningani
763 3137 905 3203 iudicem
929 3146 1086 3221 expertus
1109 3158 1182 3202 sum
1207 3146 1242 3202 et
1264 3137 1486 3228 aequissimum

311 3270 346 3325 et
368 3259 725 3324 benevolentissimum.
749 3259 815 3342 Qui
836 3280 889 3324 me
906 3270 1022 3326 monet
1035 3260 1173 3325 verbnm
1189 3257 1362 3339 διαμετρεῖν
1378 3279 1488 3342 neque

312 3384 401 3467 apud
424 3381 695 3465 Aristophanem,
719 3402 826 3465 neque
849 3383 882 3447 in
906 3381 1095 3466 fragmentis
1126 3381 1327 3445 comicorum
1349 3379 1486 3444 obvium

311 3524 394 3569 esse.
429 3503 529 3588 Quod
552 3505 684 3568 minime
706 3504 834 3569 mirum.
868 3504 1014 3579 Termini
1038 3502 1136 3580 enim,
1160 3512 1196 3567 ut
1217 3503 1319 3568 hodie
1342 3502 1488 3579 dicimus,

311 3627 451 3692 technici
481 3626 556 3692 loco
586 3627 651 3691 hoc
680 3626 819 3691 verbum
850 3625 1034 3703 adhibetur,
1066 3646 1173 3707 neque
1200 3624 1304 3702 multi,
1328 3625 1361 3689 ni
1385 3624 1489 3701 fallor,

312 3751 445 3815 indicari
474 3758 629 3834 poterunt
658 3770 781 3827 versus,
808 3749 866 3813 ubi
892 3757 1005 3832 aptum
1028 3747 1166 3813 haberet
1180 3746 1301 3812 locum.
1341 3747 1489 3812 Medium

311 3872 447 3937 obvium
477 3881 528 3936 est
557 3893 586 3936 e.
611 3893 644 3956 g.
668 3871 754 3936 Xen.
778 3870 890 3935 Anab.
915 3870 979 3934 VII
1004 3871 1019 3932 1
1043 3869 1061 3954 ξ
1084 3887 1145 3949 4ο;
1177 3889 1285 3951 neque
1308 3869 1489 3933 Athenien·

311 3993 402 4059 sibus
432 3995 465 4058 in
495 3993 623 4058 iudiciis
652 3993 879 4058 versatissimis
909 3994 1058 4077 ignotum
1088 4001 1159 4056 erat
1180 3990 1245 4056 hoc
1266 3990 1421 4068 verbum;
1446 3989 1488 4054 cf.

310 4135 386 4199 quae
408 4117 451 4180 de
474 4113 742 4197 διαμεμετρημένῃ
765 4113 864 4198 ημέρρι
886 4115 985 4179 tradit
1010 4113 1252 4197 Harpocration
1276 4113 1297 4177 i.
1321 4111 1353 4176 h.
1377 4134 1410 4178 v.

345 4329 365 4390 ι)
381 4327 448 4377 Vide
464 4341 521 4392 quae
539 4326 571 4376 de
588 4327 638 4376 hoc
654 4341 748 4392 genere
765 4325 946 4392 glossematum
963 4324 1105 4375 observabo
1122 4323 1150 4372 in
1166 4322 1251 4388 capite
1267 4320 1390 4387 sequenti.

343 4411 367 4476 ὓ)
385 4409 428 4460 Sic
444 4411 531 4462 Nubb.
548 4409 595 4472 641
615 4410 642 4459 in
659 4410 683 4458 V
697 4412 755 4472 (sec.
767 4408 901 4475 Cobetum,
909 4408 1047 4466 Ferraium,
1056 4404 1213 4468 Velsenium‚
1223 4403 1372 4466 Zacherum)
1381 4401 1487 4468 legitur:

311 4492 373 4544 ἀλλ’
391 4494 430 4545 ὅτι
448 4495 525 4544 τοῦτο
543 4495 683 4543 κάλλιστον
700 4490 791 4554 μέτρον
808 4507 855 4557 pro
872 4489 933 4541 ἀλλ’
950 4490 989 4541 ὅτι
1007 4489 1147 4540 κάλλιστον
1164 4486 1263 4550 μίτρνν.
